<?xml version="1.0"?>
<marcxml>
  <record xmlns="http://www.loc.gov/MARC21/slim">
    <leader>01387cam a22002771  4500</leader>
    <controlfield tag="001">4055693</controlfield>
    <controlfield tag="005">19871118000000.0</controlfield>
    <controlfield tag="008">790321s1952    nyuag    b    000 0 eng  </controlfield>
    <datafield tag="035" ind1=" " ind2=" ">
      <subfield code="9">(DLC)   52014163</subfield>
    </datafield>
    <datafield tag="906" ind1=" " ind2=" ">
      <subfield code="a">7</subfield>
      <subfield code="b">cbc</subfield>
      <subfield code="c">orignew</subfield>
      <subfield code="d">u</subfield>
      <subfield code="e">ocip</subfield>
      <subfield code="f">19</subfield>
      <subfield code="g">y-gencatlg</subfield>
    </datafield>
    <datafield tag="010" ind1=" " ind2=" ">
      <subfield code="a">   52014163 </subfield>
    </datafield>
    <datafield tag="040" ind1=" " ind2=" ">
      <subfield code="a">DLC</subfield>
      <subfield code="c">DLC</subfield>
      <subfield code="d">DLC</subfield>
    </datafield>
    <datafield tag="050" ind1="0" ind2="0">
      <subfield code="a">MT95</subfield>
      <subfield code="b">.T36</subfield>
    </datafield>
    <datafield tag="082" ind1="0" ind2="0">
      <subfield code="a">782.08</subfield>
    </datafield>
    <datafield tag="245" ind1="0" ind2="0">
      <subfield code="a">10 operatic masterpieces;</subfield>
      <subfield code="c">designed by Merle Armitage. Text by Olin Downes, with piano arrangements by Leonard Marker. [With more than eighty decorative drawings by Alberta Sordini. Produced and edited under the direction of L. William Hansen; Robert Sour, editorial advisor]</subfield>
    </datafield>
    <datafield tag="260" ind1=" " ind2=" ">
      <subfield code="a">New York,</subfield>
      <subfield code="b">Scribner</subfield>
      <subfield code="c">[1952]</subfield>
    </datafield>
    <datafield tag="300" ind1=" " ind2=" ">
      <subfield code="a">569 p.</subfield>
      <subfield code="b">illus., music.</subfield>
      <subfield code="c">32 cm.</subfield>
    </datafield>
    <datafield tag="500" ind1=" " ind2=" ">
      <subfield code="a">Includes critical commentary, story of each opera, and excerpts arr. for piano, with words of arias in original languages.</subfield>
    </datafield>
    <datafield tag="504" ind1=" " ind2=" ">
      <subfield code="a">"Listing of LP recordings, with calibrations": p. 563-569. "BMI LP music selecter [sic]": inserted.</subfield>
    </datafield>
    <datafield tag="505" ind1="0" ind2=" ">
      <subfield code="a">Marriage of Figaro.--Master-singers of Nuremberg.--Aida.--Carmen.--Tales of Hoffmann.--Bohe&#x302;me.-- Tosca.--Rosenkavalier.--Love of three oranges.--Wozzeck.</subfield>
    </datafield>
    <datafield tag="650" ind1=" " ind2="0">
      <subfield code="a">Operas</subfield>
      <subfield code="x">Stories, plots, etc.</subfield>
    </datafield>
    <datafield tag="650" ind1=" " ind2="0">
      <subfield code="a">Operas</subfield>
      <subfield code="x">Discography.</subfield>
    </datafield>
    <datafield tag="700" ind1="1" ind2=" ">
      <subfield code="a">Downes, Olin,</subfield>
      <subfield code="d">1886-1955.</subfield>
    </datafield>
    <datafield tag="700" ind1="1" ind2=" ">
      <subfield code="a">Marker, Leonard.</subfield>
    </datafield>
    <datafield tag="740" ind1="0" ind2=" ">
      <subfield code="a">Ten operatic masterpieces.</subfield>
    </datafield>
    <datafield tag="991" ind1=" " ind2=" ">
      <subfield code="b">c-Music</subfield>
      <subfield code="h">MT95</subfield>
      <subfield code="i">.T36</subfield>
      <subfield code="t">Copy 1</subfield>
      <subfield code="w">BOOKS</subfield>
    </datafield>
  </record>