
  <record xmlns="http://www.loc.gov/MARC21/slim">
    <leader>00886cam a2200253 a 4500</leader>
    <controlfield tag="001">209897</controlfield>
    <controlfield tag="005">20050308081736.0</controlfield>
    <controlfield tag="008">990106s1998    no       b    000 0 nor  </controlfield>
    <datafield tag="035" ind1=" " ind2=" ">
      <subfield code="9">(DLC)   99159298</subfield>
    </datafield>
    <datafield tag="906" ind1=" " ind2=" ">
      <subfield code="a">7</subfield>
      <subfield code="b">cbc</subfield>
      <subfield code="c">orignew</subfield>
      <subfield code="d">3</subfield>
      <subfield code="e">ncip</subfield>
      <subfield code="f">19</subfield>
      <subfield code="g">y-gencatlg</subfield>
    </datafield>
    <datafield tag="955" ind1=" " ind2=" ">
      <subfield code="a">of10 01-06-99 to Cat.;</subfield>
      <subfield code="c">ld04 2004-03-12 telework; to subj.</subfield>
      <subfield code="e">ld09 2005-03-08 to BCCD</subfield>
    </datafield>
    <datafield tag="010" ind1=" " ind2=" ">
      <subfield code="a">   99159298 </subfield>
    </datafield>
    <datafield tag="020" ind1=" " ind2=" ">
      <subfield code="a">8203180566</subfield>
    </datafield>
    <datafield tag="040" ind1=" " ind2=" ">
      <subfield code="a">DLC</subfield>
      <subfield code="c">DLC</subfield>
    </datafield>
    <datafield tag="050" ind1="0" ind2="0">
      <subfield code="a">PT8876</subfield>
      <subfield code="b">.P65 1998</subfield>
    </datafield>
    <datafield tag="100" ind1="1" ind2=" ">
      <subfield code="a">Pollan, Brita,</subfield>
      <subfield code="d">1939-</subfield>
    </datafield>
    <datafield tag="245" ind1="1" ind2="0">
      <subfield code="a">Peer Gynt og Carl Gustav Jung :</subfield>
      <subfield code="b">med sjelen som f&#xF8;lgesvenn /</subfield>
      <subfield code="c">Brita Pollan.</subfield>
    </datafield>
    <datafield tag="260" ind1=" " ind2=" ">
      <subfield code="a">Oslo :</subfield>
      <subfield code="b">Aschehoug,</subfield>
      <subfield code="c">c1998.</subfield>
    </datafield>
    <datafield tag="300" ind1=" " ind2=" ">
      <subfield code="a">332 p. ;</subfield>
      <subfield code="c">21 cm.</subfield>
    </datafield>
    <datafield tag="504" ind1=" " ind2=" ">
      <subfield code="a">Includes bibliographical references (p. [325]-332).</subfield>
    </datafield>
    <datafield tag="600" ind1="1" ind2="0">
      <subfield code="a">Ibsen, Henrik,</subfield>
      <subfield code="d">1828-1906.</subfield>
      <subfield code="t">Peer Gynt.</subfield>
    </datafield>
    <datafield tag="650" ind1=" " ind2="0">
      <subfield code="a">Gynt, Peer (Fictitious character)</subfield>
    </datafield>
    <datafield tag="600" ind1="1" ind2="0">
      <subfield code="a">Jung, C. G.</subfield>
      <subfield code="q">(Carl Gustav),</subfield>
      <subfield code="d">1875-1961.</subfield>
    </datafield>
    <datafield tag="922" ind1=" " ind2=" ">
      <subfield code="a">ap</subfield>
    </datafield>
  </record>