
  <record xmlns="http://www.loc.gov/MARC21/slim">
    <leader>01204nim a22003257a 4500</leader>
    <controlfield tag="001">5695469</controlfield>
    <controlfield tag="005">19930903120245.0</controlfield>
    <controlfield tag="007">stupsndmbnnnd</controlfield>
    <controlfield tag="008">930601q19701991iluuun         d    eng  </controlfield>
    <datafield tag="035" ind1=" " ind2=" ">
      <subfield code="9">(DLC)   93842034</subfield>
    </datafield>
    <datafield tag="906" ind1=" " ind2=" ">
      <subfield code="a">7</subfield>
      <subfield code="b">cbc</subfield>
      <subfield code="c">orignew</subfield>
      <subfield code="d">4</subfield>
      <subfield code="e">ncip</subfield>
      <subfield code="f">19</subfield>
      <subfield code="g">y-genmusic</subfield>
    </datafield>
    <datafield tag="010" ind1=" " ind2=" ">
      <subfield code="a">   93842034 </subfield>
    </datafield>
    <datafield tag="040" ind1=" " ind2=" ">
      <subfield code="a">DLC</subfield>
      <subfield code="c">DLC</subfield>
    </datafield>
    <datafield tag="041" ind1="1" ind2=" ">
      <subfield code="d">eng</subfield>
      <subfield code="h">ger</subfield>
    </datafield>
    <datafield tag="050" ind1="0" ind2="0">
      <subfield code="a">RWD 5185-RWD 5188</subfield>
    </datafield>
    <datafield tag="245" ind1="0" ind2="0">
      <subfield code="a">Danton's death</subfield>
      <subfield code="h">[sound recording].</subfield>
    </datafield>
    <datafield tag="260" ind1=" " ind2=" ">
      <subfield code="c">between 1973 and 1991.</subfield>
    </datafield>
    <datafield tag="300" ind1=" " ind2=" ">
      <subfield code="a">4 sound tape reels :</subfield>
      <subfield code="b">analog, 15 ips, 2 track, stereo., dbx encoded ;</subfield>
      <subfield code="c">10 in.</subfield>
    </datafield>
    <datafield tag="500" ind1=" " ind2=" ">
      <subfield code="a">Radio adaptation of Georg Bu&#x308;chner's drama.</subfield>
    </datafield>
    <datafield tag="500" ind1=" " ind2=" ">
      <subfield code="a">Composite broadcast master.</subfield>
    </datafield>
    <datafield tag="518" ind1=" " ind2=" ">
      <subfield code="a">Recorded for National Radio Theatre at Streeterville Studios Inc., Chicago, Ill.</subfield>
    </datafield>
    <datafield tag="500" ind1=" " ind2=" ">
      <subfield code="a">From the National Radio Theatre of Chicago Collection.</subfield>
    </datafield>
    <datafield tag="500" ind1=" " ind2=" ">
      <subfield code="a">Production level cataloging.</subfield>
    </datafield>
    <datafield tag="600" ind1="1" ind2="0">
      <subfield code="a">Danton, Georges Jacques,</subfield>
      <subfield code="d">1759-1794</subfield>
      <subfield code="x">Drama.</subfield>
    </datafield>
    <datafield tag="650" ind1=" " ind2="0">
      <subfield code="a">Radio adaptations.</subfield>
    </datafield>
    <datafield tag="700" ind1="1" ind2=" ">
      <subfield code="a">Bu&#x308;chner, Georg,</subfield>
      <subfield code="d">1813-1837.</subfield>
      <subfield code="t">Dantons Tod.</subfield>
    </datafield>
    <datafield tag="710" ind1="2" ind2=" ">
      <subfield code="a">National Radio Theatre of Chicago Collection (Library of Congress)</subfield>
    </datafield>
    <datafield tag="952" ind1=" " ind2=" ">
      <subfield code="a">New - Copy Command</subfield>
    </datafield>
    <datafield tag="953" ind1=" " ind2=" ">
      <subfield code="a">TA28</subfield>
    </datafield>
    <datafield tag="991" ind1=" " ind2=" ">
      <subfield code="b">c-RecSound</subfield>
      <subfield code="h">RWD 5185-RWD 5188</subfield>
      <subfield code="w">MUSIC</subfield>
    </datafield>
  </record>