
  <record xmlns="http://www.loc.gov/MARC21/slim">
    <leader>01266njm a22002537a 4500</leader>
    <controlfield tag="001">5671061</controlfield>
    <controlfield tag="005">19930209134547.6</controlfield>
    <controlfield tag="007">sduzsnznnmlne</controlfield>
    <controlfield tag="008">930203s1992    enkuun   dz              </controlfield>
    <datafield tag="035" ind1=" " ind2=" ">
      <subfield code="9">(DLC)   93702845</subfield>
    </datafield>
    <datafield tag="906" ind1=" " ind2=" ">
      <subfield code="a">0</subfield>
      <subfield code="b">cbu</subfield>
      <subfield code="c">orignew</subfield>
      <subfield code="d">5</subfield>
      <subfield code="e">ncip</subfield>
      <subfield code="f">19</subfield>
      <subfield code="g">y-genmusic</subfield>
    </datafield>
    <datafield tag="955" ind1=" " ind2=" ">
      <subfield code="a">ACCESSION RECORD qu42 02-03-93</subfield>
    </datafield>
    <datafield tag="010" ind1=" " ind2=" ">
      <subfield code="a">   93702845 </subfield>
    </datafield>
    <datafield tag="028" ind1="0" ind2="0">
      <subfield code="a">CHAN 9075</subfield>
      <subfield code="b">Chandos Records</subfield>
    </datafield>
    <datafield tag="040" ind1=" " ind2=" ">
      <subfield code="a">DLC</subfield>
      <subfield code="c">DLC</subfield>
    </datafield>
    <datafield tag="050" ind1="0" ind2="0">
      <subfield code="a">Chandos Records CHAN 9075</subfield>
    </datafield>
    <datafield tag="245" ind1="0" ind2="0">
      <subfield code="a">Niels W. Gage--Elverskud op. 30 ; Overture, Efterklange af Ossian, op. 1 ; Fu&#x308;nf Gesa&#x308;nge, op. 13</subfield>
      <subfield code="h">[sound recording] /</subfield>
      <subfield code="c">Eva Johansson ; Anne Gjevang ; Poul Elming ; Danish National Radio Choir ; Danish National Radio Symphony Orchestra ; Dmitri Kitajenko.</subfield>
    </datafield>
    <datafield tag="260" ind1=" " ind2=" ">
      <subfield code="a">Colchester, England :</subfield>
      <subfield code="b">Chandos Records,</subfield>
      <subfield code="c">p1992.</subfield>
    </datafield>
    <datafield tag="300" ind1=" " ind2=" ">
      <subfield code="a">1 sound disc :</subfield>
      <subfield code="b">digital, stereo. ;</subfield>
      <subfield code="c">4 3/4 in. +</subfield>
      <subfield code="e">1 booklet (39 p.)</subfield>
    </datafield>
    <datafield tag="500" ind1=" " ind2=" ">
      <subfield code="a">Location: Chandos Records: CHAN 9075.</subfield>
    </datafield>
    <datafield tag="511" ind1="0" ind2=" ">
      <subfield code="a">Eva Johansson, soprano ; Anne Gjevang, contralto ; Poul Elming, tenor ; Danish National Radio Choir ; Danish National Radio Symphony Orchestra ; Dmitri Kitajenko, conductor.</subfield>
    </datafield>
    <datafield tag="518" ind1=" " ind2=" ">
      <subfield code="a">Danish Radio Concert Hall, Copenhagen, Dec. 16, 1991 and Jan. 14-16, 1992.</subfield>
    </datafield>
    <datafield tag="953" ind1=" " ind2=" ">
      <subfield code="a">TA28</subfield>
    </datafield>
    <datafield tag="991" ind1=" " ind2=" ">
      <subfield code="b">c-RecSound</subfield>
      <subfield code="h">Chandos Records CHAN 9075</subfield>
      <subfield code="w">MUSIC</subfield>
    </datafield>
  </record>