
  <record xmlns="http://www.loc.gov/MARC21/slim">
    <leader>05366cjm a2200757 a 4500</leader>
    <controlfield tag="001">13578524</controlfield>
    <controlfield tag="005">20060523152600.0</controlfield>
    <controlfield tag="007">st|omndmbbnu|e</controlfield>
    <controlfield tag="008">040430p19741953dcuopn                   </controlfield>
    <datafield tag="906" ind1=" " ind2=" ">
      <subfield code="a">7</subfield>
      <subfield code="b">cbc</subfield>
      <subfield code="c">orignew</subfield>
      <subfield code="d">3</subfield>
      <subfield code="e">ncip</subfield>
      <subfield code="f">20</subfield>
      <subfield code="g">y-soundrec</subfield>
    </datafield>
    <datafield tag="925" ind1="0" ind2=" ">
      <subfield code="a">acquire</subfield>
      <subfield code="b">2 shelf copies</subfield>
      <subfield code="x">policy default</subfield>
    </datafield>
    <datafield tag="955" ind1=" " ind2=" ">
      <subfield code="a">qu63 2004-04-30</subfield>
    </datafield>
    <datafield tag="010" ind1=" " ind2=" ">
      <subfield code="a">  2004652171</subfield>
    </datafield>
    <datafield tag="033" ind1="0" ind2=" ">
      <subfield code="a">19530130</subfield>
      <subfield code="b">1254</subfield>
      <subfield code="c">N42</subfield>
    </datafield>
    <datafield tag="040" ind1=" " ind2=" ">
      <subfield code="a">DLC</subfield>
      <subfield code="c">DLC</subfield>
      <subfield code="d">DLC</subfield>
    </datafield>
    <datafield tag="050" ind1="0" ind2="0">
      <subfield code="a">LWO 7657, r28A1-29A2 (preservation master)</subfield>
    </datafield>
    <datafield tag="245" ind1="0" ind2="0">
      <subfield code="a">8th annual Roosevelt memorial concert, Waldorf Astoria Hotel, Grand Ballroom, January 30, 1953</subfield>
      <subfield code="h">[sound recording].</subfield>
    </datafield>
    <datafield tag="260" ind1=" " ind2=" ">
      <subfield code="a">[1974]</subfield>
    </datafield>
    <datafield tag="300" ind1=" " ind2=" ">
      <subfield code="a">2 sound tape reels :</subfield>
      <subfield code="b">analog, 7 1/2 ips, 2 track, mono. ;</subfield>
      <subfield code="c">10 in.</subfield>
    </datafield>
    <datafield tag="500" ind1=" " ind2=" ">
      <subfield code="a">Cataloged from recording engineer's notes and audition.</subfield>
    </datafield>
    <datafield tag="511" ind1="0" ind2=" ">
      <subfield code="a">West Point Glee Club (1st-3rd; 21st-24th works); Joseph Fuchs, violin  (4th, 13th-15th works) ; Brooks Smith, piano (4th-8th, 13th-15th works) ; Mack Harrell, baritone (5th-8th works); Harpsichord Quartet (Sylvia Marlowe, harpsichord; Claude Monteaux, flute; Bernard Greenhouse, violoncello; Harry Schulman, oboe) (9th-12th works) ; Eleanor Steber, soprano, James Quillan, piano (16th-20th works) ; Deems Taylor, master of ceremonies.</subfield>
    </datafield>
    <datafield tag="500" ind1=" " ind2=" ">
      <subfield code="a">Preservation tape produced from original Voice of America acetate tape (VOA 149) in the Recording Laboratory of the Library of Congress.</subfield>
    </datafield>
    <datafield tag="520" ind1=" " ind2=" ">
      <subfield code="a">Commemorating the 71st anniversary of the birth of F.D. Roosevelt, this concert benefits the National Foundation for Infantile Paralysis. Hosted by Deems Taylor.</subfield>
    </datafield>
    <datafield tag="505" ind1="0" ind2=" ">
      <subfield code="a">The Corps / W. Franke Harling -- Blue-tail fly -- Medley: Down among the sheltering palms; Give me one dozen roses -- Concerto in E minor for violin and piano. Allegro moderato ; Allegro giocoso / Pietro Nardini -- Where're you walk / Handel -- Wahn! Wahn! U&#x308;berall Wahn! / Wagner -- Shenandoah / arr. Celius Dougherty -- I am a roving gambler / John Jacob Niles -- Interviews with Deems Taylor and Mack Harrell -- Sonata in B minor, flute, violoncello, harpsichord / Jean-Baptiste Loeillet -- Sonata no. 3, G minor, violoncello and harpsichord / J.S. Bach -- Sonata in A major for harpsichord, K. 113 / Domenico Scarlatti -- Sonata in D minor, op. 4, no. 3. Allegro ; Aria ; Allegro / Leclair -- Tarantelle caprice / Wieniewski ; rev. Kreisler -- Caprice no. 17 / Paganini -- Vissi d'arte : from Tosca / Puccini -- Hello, hello : from The telephone / Menotti -- Csa&#x301;rda&#x301;s from Fledermaus / J. Strauss -- O, whistle and I'll come to ye : Scottish folksong -- Summertime : from Porgy and Bess / Gershwin -- Border ballad : March, march over the border -- A-round the corner -- Give me your tired, your poor / Irvin Berlin -- Old man Noah.</subfield>
    </datafield>
    <datafield tag="650" ind1=" " ind2="0">
      <subfield code="a">Choruses (Men's voices) with piano.</subfield>
    </datafield>
    <datafield tag="650" ind1=" " ind2="0">
      <subfield code="a">Choruses (Men's voices), Unaccompanied.</subfield>
    </datafield>
    <datafield tag="650" ind1=" " ind2="0">
      <subfield code="a">Concertos (Violin)</subfield>
      <subfield code="v">Excerpts, Arranged.</subfield>
    </datafield>
    <datafield tag="650" ind1=" " ind2="0">
      <subfield code="a">Oratorios</subfield>
      <subfield code="v">Excerpts.</subfield>
    </datafield>
    <datafield tag="650" ind1=" " ind2="0">
      <subfield code="a">Operas</subfield>
      <subfield code="v">Excerpts.</subfield>
    </datafield>
    <datafield tag="650" ind1=" " ind2="0">
      <subfield code="a">Songs (Medium voice) with piano.</subfield>
    </datafield>
    <datafield tag="650" ind1=" " ind2="0">
      <subfield code="a">Violin and piano music.</subfield>
    </datafield>
    <datafield tag="650" ind1=" " ind2="0">
      <subfield code="a">Trios (Harpsichord, flute, violoncello)</subfield>
    </datafield>
    <datafield tag="650" ind1=" " ind2="0">
      <subfield code="a">Sonatas (Violoncello and harpsichord)</subfield>
    </datafield>
    <datafield tag="650" ind1=" " ind2="0">
      <subfield code="a">Sonatas (Harpsichord)</subfield>
    </datafield>
    <datafield tag="650" ind1=" " ind2="0">
      <subfield code="a">Trio sonatas (Flute, oboe, continuo)</subfield>
    </datafield>
    <datafield tag="650" ind1=" " ind2="0">
      <subfield code="a">Songs (High voice) with piano.</subfield>
    </datafield>
    <datafield tag="655" ind1=" " ind2="7">
      <subfield code="a">Western art music</subfield>
      <subfield code="v">Radio.</subfield>
      <subfield code="2">radfg</subfield>
    </datafield>
    <datafield tag="700" ind1="1" ind2=" ">
      <subfield code="a">Fuchs, Joseph.</subfield>
      <subfield code="4">prf</subfield>
    </datafield>
    <datafield tag="700" ind1="1" ind2=" ">
      <subfield code="a">Smith, Brooks.</subfield>
      <subfield code="4">prf</subfield>
    </datafield>
    <datafield tag="700" ind1="1" ind2=" ">
      <subfield code="a">Harrell, Mack.</subfield>
      <subfield code="4">prf</subfield>
      <subfield code="4">ive</subfield>
    </datafield>
    <datafield tag="700" ind1="1" ind2=" ">
      <subfield code="a">Steber, Eleanor.</subfield>
      <subfield code="4">prf</subfield>
    </datafield>
    <datafield tag="700" ind1="1" ind2=" ">
      <subfield code="a">Quillan, James.</subfield>
      <subfield code="4">prf</subfield>
    </datafield>
    <datafield tag="700" ind1="1" ind2=" ">
      <subfield code="a">Taylor, Deems,</subfield>
      <subfield code="d">1885-1966.</subfield>
      <subfield code="4">ive</subfield>
    </datafield>
    <datafield tag="700" ind1="1" ind2="2">
      <subfield code="a">Harling, W. Franke</subfield>
      <subfield code="q">(William Franke),</subfield>
      <subfield code="d">1887-1958.</subfield>
      <subfield code="t">Corps.</subfield>
    </datafield>
    <datafield tag="700" ind1="1" ind2="2">
      <subfield code="a">Nardini, Pietro,</subfield>
      <subfield code="d">1722-1793.</subfield>
      <subfield code="t">Concertos,</subfield>
      <subfield code="m">violin, orchestra,</subfield>
      <subfield code="r">E minor.</subfield>
      <subfield code="p">Allegro moderato.</subfield>
    </datafield>
    <datafield tag="700" ind1="1" ind2="2">
      <subfield code="a">Nardini, Pietro,</subfield>
      <subfield code="d">1722-1793.</subfield>
      <subfield code="t">Concertos,</subfield>
      <subfield code="m">violin, orchestra,</subfield>
      <subfield code="r">E minor.</subfield>
      <subfield code="p">Allegro giocoso.</subfield>
    </datafield>
    <datafield tag="700" ind1="1" ind2="2">
      <subfield code="a">Handel, George Frideric,</subfield>
      <subfield code="d">1685-1759.</subfield>
      <subfield code="t">Semele.</subfield>
      <subfield code="p">Where'er you walk.</subfield>
    </datafield>
    <datafield tag="700" ind1="1" ind2="2">
      <subfield code="a">Wagner, Richard,</subfield>
      <subfield code="d">1813-1883.</subfield>
      <subfield code="t">Meistersinger von Nu&#x308;rnberg.</subfield>
      <subfield code="p">Wahn! Wahn! U&#x308;berall Wahn!.</subfield>
    </datafield>
    <datafield tag="700" ind1="1" ind2="2">
      <subfield code="a">Niles, John Jacob,</subfield>
      <subfield code="d">1892-1980.</subfield>
      <subfield code="t">Gambling songs.</subfield>
      <subfield code="p">Rovin' gambler.</subfield>
    </datafield>
    <datafield tag="700" ind1="1" ind2="2">
      <subfield code="a">Bach, Johann Sebastian,</subfield>
      <subfield code="d">1685-1750.</subfield>
      <subfield code="t">Sonatas,</subfield>
      <subfield code="m">viola da gamba, harpsichord,</subfield>
      <subfield code="n">BWV 1029,</subfield>
      <subfield code="r">G minor.</subfield>
    </datafield>
    <datafield tag="700" ind1="1" ind2="2">
      <subfield code="a">Scarlatti, Domenico,</subfield>
      <subfield code="d">1685-1757.</subfield>
      <subfield code="t">Sonatas,</subfield>
      <subfield code="m">harpsichord,</subfield>
      <subfield code="n">K. 113,</subfield>
      <subfield code="r">A major.</subfield>
    </datafield>
    <datafield tag="700" ind1="1" ind2="2">
      <subfield code="a">Leclair, Jean Marie,</subfield>
      <subfield code="d">1697-1764.</subfield>
      <subfield code="t">Trio sonatas,</subfield>
      <subfield code="m">violins, continuo,</subfield>
      <subfield code="n">op. 4.</subfield>
      <subfield code="n">No. 3.</subfield>
      <subfield code="k">Selections.</subfield>
    </datafield>
    <datafield tag="700" ind1="1" ind2="2">
      <subfield code="a">Ravel, Maurice,</subfield>
      <subfield code="d">1875-1937.</subfield>
      <subfield code="t">Vocalise en forme d'habanera;</subfield>
      <subfield code="o">arr.</subfield>
    </datafield>
    <datafield tag="700" ind1="1" ind2="2">
      <subfield code="a">Wieniawski, Henri,</subfield>
      <subfield code="d">1835-1880.</subfield>
      <subfield code="t">E&#x301;tudes-caprices,</subfield>
      <subfield code="n">op. 18.</subfield>
      <subfield code="n">No 4;</subfield>
      <subfield code="o">arr.</subfield>
    </datafield>
    <datafield tag="700" ind1="1" ind2="2">
      <subfield code="a">Paganini, Nicolo&#x300;,</subfield>
      <subfield code="d">1782-1840.</subfield>
      <subfield code="t">Caprices,</subfield>
      <subfield code="m">violin,</subfield>
      <subfield code="n">M.S. 25.</subfield>
      <subfield code="n">No. 17.</subfield>
    </datafield>
    <datafield tag="700" ind1="1" ind2="2">
      <subfield code="a">Puccini, Giacomo,</subfield>
      <subfield code="d">1858-1924.</subfield>
      <subfield code="t">Tosca.</subfield>
      <subfield code="p">Vissi d'arte.</subfield>
    </datafield>
    <datafield tag="700" ind1="1" ind2="2">
      <subfield code="a">Menotti, Gian Carlo,</subfield>
      <subfield code="d">1911-</subfield>
      <subfield code="t">Telephone.</subfield>
      <subfield code="p">Hello! Hello? Oh, Margaret, it's you.</subfield>
    </datafield>
    <datafield tag="700" ind1="1" ind2="2">
      <subfield code="a">Strauss, Johann,</subfield>
      <subfield code="d">1825-1899.</subfield>
      <subfield code="t">Fledermaus.</subfield>
      <subfield code="p">Csa&#x301;rda&#x301;s.</subfield>
    </datafield>
    <datafield tag="700" ind1="1" ind2="2">
      <subfield code="a">Gershwin, George,</subfield>
      <subfield code="d">1898-1937.</subfield>
      <subfield code="t">Porgy and Bess.</subfield>
      <subfield code="p">Summertime.</subfield>
    </datafield>
    <datafield tag="700" ind1="1" ind2="2">
      <subfield code="a">Berlin, Irving,</subfield>
      <subfield code="d">1888-1989.</subfield>
      <subfield code="t">Give me your tired.</subfield>
    </datafield>
    <datafield tag="710" ind1="2" ind2=" ">
      <subfield code="a">West Point Cadet Glee Club.</subfield>
      <subfield code="4">prf</subfield>
    </datafield>
    <datafield tag="710" ind1="2" ind2=" ">
      <subfield code="a">Harpsichord Quartet.</subfield>
      <subfield code="4">prf</subfield>
    </datafield>
    <datafield tag="710" ind1="2" ind2=" ">
      <subfield code="a">Voice of America Music Library Collection (Library of Congress)</subfield>
      <subfield code="5">DLC</subfield>
    </datafield>
    <datafield tag="730" ind1="0" ind2="2">
      <subfield code="a">Jim crack corn.</subfield>
    </datafield>
    <datafield tag="730" ind1="0" ind2="2">
      <subfield code="a">Shenandoah (Song)</subfield>
    </datafield>
    <datafield tag="952" ind1=" " ind2=" ">
      <subfield code="a">Several works not adequately identified to analyze.</subfield>
    </datafield>
  </record>