
  <record xmlns="http://www.loc.gov/MARC21/slim">
    <leader>01007cam a2200277 i 4500</leader>
    <controlfield tag="001">1801466</controlfield>
    <controlfield tag="005">20000214140732.0</controlfield>
    <controlfield tag="008">780601s1977    fr f     b    000 0 fre  </controlfield>
    <datafield tag="035" ind1=" " ind2=" ">
      <subfield code="9">(DLC)   78364789</subfield>
    </datafield>
    <datafield tag="906" ind1=" " ind2=" ">
      <subfield code="a">7</subfield>
      <subfield code="b">cbc</subfield>
      <subfield code="c">orignew</subfield>
      <subfield code="d">3</subfield>
      <subfield code="e">ncip</subfield>
      <subfield code="f">19</subfield>
      <subfield code="g">y-gencatlg</subfield>
    </datafield>
    <datafield tag="010" ind1=" " ind2=" ">
      <subfield code="a">   78364789 </subfield>
    </datafield>
    <datafield tag="015" ind1=" " ind2=" ">
      <subfield code="a">F77-16332</subfield>
    </datafield>
    <datafield tag="020" ind1=" " ind2=" ">
      <subfield code="a">2718600810 :</subfield>
      <subfield code="c">33.00F</subfield>
    </datafield>
    <datafield tag="040" ind1=" " ind2=" ">
      <subfield code="a">DLC</subfield>
      <subfield code="c">DLC</subfield>
      <subfield code="d">DLC</subfield>
    </datafield>
    <datafield tag="050" ind1="0" ind2="0">
      <subfield code="a">PQ1837</subfield>
      <subfield code="b">.A75</subfield>
    </datafield>
    <datafield tag="082" ind1="0" ind2="0">
      <subfield code="a">842/.4</subfield>
    </datafield>
    <datafield tag="245" ind1="0" ind2="0">
      <subfield code="a">Alceste et l'absolutisme /</subfield>
      <subfield code="c">Jean-Pierre Vincent, Peter Szondi, Daniel Lindenberg, Bernard Chartreux ... [etc.].</subfield>
    </datafield>
    <datafield tag="260" ind1=" " ind2=" ">
      <subfield code="a">Paris (9, rue Linne&#x301;, 75005) :</subfield>
      <subfield code="b">E&#x301;ditions Galile&#x301;e,</subfield>
      <subfield code="c">1977.</subfield>
    </datafield>
    <datafield tag="300" ind1=" " ind2=" ">
      <subfield code="a">130 p., [10] p. of plates, [1] leaf of plates ;</subfield>
      <subfield code="c">22 cm.</subfield>
    </datafield>
    <datafield tag="490" ind1="0" ind2=" ">
      <subfield code="a">Politique et socie&#x301;te&#x301;</subfield>
      <subfield code="x">0397-3956</subfield>
    </datafield>
    <datafield tag="500" ind1=" " ind2=" ">
      <subfield code="a">On cover: Essais de dramaturgie sur le Misanthrope.</subfield>
    </datafield>
    <datafield tag="504" ind1=" " ind2=" ">
      <subfield code="a">Includes bibliographical references.</subfield>
    </datafield>
    <datafield tag="600" ind1="1" ind2="0">
      <subfield code="a">Molie&#x300;re,</subfield>
      <subfield code="d">1622-1673.</subfield>
      <subfield code="t">Misanthrope.</subfield>
    </datafield>
    <datafield tag="650" ind1=" " ind2="0">
      <subfield code="a">Comedy.</subfield>
    </datafield>
    <datafield tag="700" ind1="1" ind2=" ">
      <subfield code="a">Vincent, Jean-Pierre.</subfield>
    </datafield>
    <datafield tag="991" ind1=" " ind2=" ">
      <subfield code="b">c-GenColl</subfield>
      <subfield code="h">PQ1837</subfield>
      <subfield code="i">.A75</subfield>
      <subfield code="t">Copy 1</subfield>
      <subfield code="w">BOOKS</subfield>
    </datafield>
  </record>