
  <record xmlns="http://www.loc.gov/MARC21/slim">
    <leader>00543nam a2200181u  4500</leader>
    <controlfield tag="001">7688237</controlfield>
    <controlfield tag="005">00000000000000.0</controlfield>
    <controlfield tag="008">841105n        gw            000 0 ger  </controlfield>
    <datafield tag="035" ind1=" " ind2=" ">
      <subfield code="9">(DLC)unk84086999</subfield>
    </datafield>
    <datafield tag="906" ind1=" " ind2=" ">
      <subfield code="a">0</subfield>
      <subfield code="b">cbc</subfield>
      <subfield code="c">premunv</subfield>
      <subfield code="d">u</subfield>
      <subfield code="e">ncip</subfield>
      <subfield code="f">19</subfield>
      <subfield code="g">y-gencatlg</subfield>
    </datafield>
    <datafield tag="010" ind1=" " ind2=" ">
      <subfield code="a">unk84086999 </subfield>
    </datafield>
    <datafield tag="040" ind1=" " ind2=" ">
      <subfield code="a">DLC</subfield>
      <subfield code="c">CarP</subfield>
      <subfield code="d">DLC</subfield>
    </datafield>
    <datafield tag="050" ind1="0" ind2="0">
      <subfield code="a">M1503.G621</subfield>
      <subfield code="b">K6</subfield>
    </datafield>
    <datafield tag="100" ind1="1" ind2=" ">
      <subfield code="a">Goldmark, Carl,</subfield>
      <subfield code="d">1832- [from old catalog]</subfield>
    </datafield>
    <datafield tag="245" ind1="0" ind2="4">
      <subfield code="a">Die Ko&#x308;nigin von Saba.</subfield>
      <subfield code="b">Op. 27. </subfield>
    </datafield>
    <datafield tag="260" ind1=" " ind2=" ">
      <subfield code="a">Hamburg,</subfield>
      <subfield code="b">Hugo Pohle</subfield>
      <subfield code="c">[n.d.]</subfield>
    </datafield>
    <datafield tag="300" ind1=" " ind2=" ">
      <subfield code="a">276 p.</subfield>
      <subfield code="b">cm.</subfield>
    </datafield>
    <datafield tag="991" ind1=" " ind2=" ">
      <subfield code="b">c-Music</subfield>
      <subfield code="h">M1503.G621</subfield>
      <subfield code="i">K6</subfield>
      <subfield code="t">Copy 1</subfield>
      <subfield code="w">PREM</subfield>
    </datafield>
  </record>