
  <record xmlns="http://www.loc.gov/MARC21/slim">
    <leader>00714nam a2200205u  4500</leader>
    <controlfield tag="001">9109955</controlfield>
    <controlfield tag="005">00000000000000.0</controlfield>
    <controlfield tag="008">860403s1886    nyu           000 0 eng  </controlfield>
    <datafield tag="035" ind1=" " ind2=" ">
      <subfield code="9">(DLC)unk85057456</subfield>
    </datafield>
    <datafield tag="906" ind1=" " ind2=" ">
      <subfield code="a">0</subfield>
      <subfield code="b">cbc</subfield>
      <subfield code="c">premunv</subfield>
      <subfield code="d">u</subfield>
      <subfield code="e">ncip</subfield>
      <subfield code="f">19</subfield>
      <subfield code="g">y-gencatlg</subfield>
    </datafield>
    <datafield tag="010" ind1=" " ind2=" ">
      <subfield code="a">unk85057456 </subfield>
    </datafield>
    <datafield tag="040" ind1=" " ind2=" ">
      <subfield code="a">DLC</subfield>
      <subfield code="c">CarP</subfield>
      <subfield code="d">DLC</subfield>
    </datafield>
    <datafield tag="050" ind1="0" ind2="0">
      <subfield code="a">ML50.G621</subfield>
      <subfield code="b">K62 1886</subfield>
    </datafield>
    <datafield tag="051" ind1=" " ind2=" ">
      <subfield code="c">Copy 2. Season of 1885-86.</subfield>
    </datafield>
    <datafield tag="100" ind1="1" ind2=" ">
      <subfield code="a">Goldmark, Karl,</subfield>
      <subfield code="d">1830-1915. [from old catalog]</subfield>
    </datafield>
    <datafield tag="240" ind1="0" ind2="4">
      <subfield code="a">Die ko&#x308;nigin von Saba. Libretto. English &amp; German. [from old catalog]</subfield>
    </datafield>
    <datafield tag="245" ind1="0" ind2="0">
      <subfield code="a">Die ko&#x308;nigin von Saba---The queen of Sheba;</subfield>
      <subfield code="b">opera in four acts. </subfield>
    </datafield>
    <datafield tag="260" ind1=" " ind2=" ">
      <subfield code="a">[New York?</subfield>
      <subfield code="c">1886?]</subfield>
    </datafield>
    <datafield tag="300" ind1=" " ind2=" ">
      <subfield code="a">[39] p.</subfield>
      <subfield code="c">24 cm.</subfield>
    </datafield>
    <datafield tag="991" ind1=" " ind2=" ">
      <subfield code="b">c-Music</subfield>
      <subfield code="h">ML50.G621</subfield>
      <subfield code="i">K62 1886</subfield>
      <subfield code="t">Copy 1</subfield>
      <subfield code="w">PREM</subfield>
    </datafield>
  </record>