
  <record xmlns="http://www.loc.gov/MARC21/slim">
    <leader>01543cjm a22004094a 4500</leader>
    <controlfield tag="001">12294722</controlfield>
    <controlfield tag="005">20060608012331.0</controlfield>
    <controlfield tag="007">sd|fsngnnmmned</controlfield>
    <controlfield tag="008">010131m20009999enkuun| |z        |      </controlfield>
    <datafield tag="035" ind1=" " ind2=" ">
      <subfield code="a">(DLC)12294722</subfield>
    </datafield>
    <datafield tag="035" ind1=" " ind2=" ">
      <subfield code="a">(DLC)2001335722</subfield>
    </datafield>
    <datafield tag="906" ind1=" " ind2=" ">
      <subfield code="a">7</subfield>
      <subfield code="b">cbc</subfield>
      <subfield code="c">orignew</subfield>
      <subfield code="d">3</subfield>
      <subfield code="e">ncip</subfield>
      <subfield code="f">20</subfield>
      <subfield code="g">y-genmusic</subfield>
    </datafield>
    <datafield tag="925" ind1="0" ind2=" ">
      <subfield code="a">acquire</subfield>
      <subfield code="b">2 shelf copies</subfield>
      <subfield code="x">policy default</subfield>
    </datafield>
    <datafield tag="955" ind1=" " ind2=" ">
      <subfield code="a">nh06 2001-31-01 to MBRS</subfield>
      <subfield code="i">vk07 2006-06-06</subfield>
      <subfield code="e">vk07 2006-06-07 v. 1-2 to MBRS</subfield>
    </datafield>
    <datafield tag="010" ind1=" " ind2=" ">
      <subfield code="a">  2001335722</subfield>
      <subfield code="z">  2002401254</subfield>
    </datafield>
    <datafield tag="024" ind1="1" ind2=" ">
      <subfield code="a">034571171944</subfield>
      <subfield code="c">(v. 1)</subfield>
    </datafield>
    <datafield tag="024" ind1="1" ind2=" ">
      <subfield code="a">034571171951</subfield>
      <subfield code="c">(v. 2)</subfield>
    </datafield>
    <datafield tag="028" ind1="0" ind2="0">
      <subfield code="a">CDA67194</subfield>
      <subfield code="b">Hyperion</subfield>
    </datafield>
    <datafield tag="028" ind1="0" ind2="0">
      <subfield code="a">CDA67195</subfield>
      <subfield code="b">Hyperion</subfield>
    </datafield>
    <datafield tag="028" ind1="0" ind2="0">
      <subfield code="a">VCD19080</subfield>
      <subfield code="b">Victoria</subfield>
    </datafield>
    <datafield tag="040" ind1=" " ind2=" ">
      <subfield code="a">DLC</subfield>
      <subfield code="c">DLC</subfield>
    </datafield>
    <datafield tag="050" ind1="0" ind2="0">
      <subfield code="a">SDB 41494, etc.</subfield>
    </datafield>
    <datafield tag="100" ind1="1" ind2=" ">
      <subfield code="a">Eben, Petr.</subfield>
    </datafield>
    <datafield tag="240" ind1="1" ind2="0">
      <subfield code="a">Organ music</subfield>
    </datafield>
    <datafield tag="245" ind1="1" ind2="4">
      <subfield code="a">The organ music of Petr Eben</subfield>
      <subfield code="h">[sound recording].</subfield>
    </datafield>
    <datafield tag="260" ind1=" " ind2=" ">
      <subfield code="a">London : Hyperion,</subfield>
      <subfield code="c">p2000-&lt;p2001&gt;</subfield>
    </datafield>
    <datafield tag="300" ind1=" " ind2=" ">
      <subfield code="a">&lt;2&gt; sound discs :</subfield>
      <subfield code="b">digital, stereo ;</subfield>
      <subfield code="c">4 3/4 in.</subfield>
    </datafield>
    <datafield tag="500" ind1=" " ind2=" ">
      <subfield code="a">Hyperion: CDA67194--&lt;CDA67195&gt;.</subfield>
    </datafield>
    <datafield tag="511" ind1="0" ind2=" ">
      <subfield code="a">Halgeir Schiager playing the organ of Hedvig Eleonora Kyrkan, Stockholm.</subfield>
    </datafield>
    <datafield tag="518" ind1=" " ind2=" ">
      <subfield code="a">Vol. 1 recorded in June 1992; v. 2 on June 6-8, 2000.</subfield>
    </datafield>
    <datafield tag="500" ind1=" " ind2=" ">
      <subfield code="a">Vol. 1 originally issued: Victoria VCD19080.</subfield>
    </datafield>
    <datafield tag="500" ind1=" " ind2=" ">
      <subfield code="a">Compact discs.</subfield>
    </datafield>
    <datafield tag="500" ind1=" " ind2=" ">
      <subfield code="a">Program notes in English, French, and German in containers.</subfield>
    </datafield>
    <datafield tag="505" ind1="1" ind2=" ">
      <subfield code="a">1. Laudes ; Job ; Hommage a&#x300; Buxtehude -- 2. Faust ; Four biblical dances</subfield>
    </datafield>
    <datafield tag="650" ind1=" " ind2="0">
      <subfield code="a">Organ music.</subfield>
    </datafield>
    <datafield tag="700" ind1="1" ind2=" ">
      <subfield code="a">Schiager, Halgeir,</subfield>
      <subfield code="d">1955-</subfield>
      <subfield code="4">prf</subfield>
    </datafield>
    <datafield tag="952" ind1=" " ind2=" ">
      <subfield code="a">Complete in 5 v. as of June 2006--Hyperion website.</subfield>
    </datafield>
  </record>