
  <record xmlns="http://www.loc.gov/MARC21/slim">
    <leader>01324cam a22002891  4500</leader>
    <controlfield tag="001">8997357</controlfield>
    <controlfield tag="005">20010511105205.0</controlfield>
    <controlfield tag="008">750612s1971    xx            000 0 fre  </controlfield>
    <datafield tag="035" ind1=" " ind2=" ">
      <subfield code="9">(DLC)   73317196</subfield>
    </datafield>
    <datafield tag="906" ind1=" " ind2=" ">
      <subfield code="a">7</subfield>
      <subfield code="b">cbc</subfield>
      <subfield code="c">oclcrpl</subfield>
      <subfield code="d">u</subfield>
      <subfield code="e">ncip</subfield>
      <subfield code="f">19</subfield>
      <subfield code="g">y-gencatlg</subfield>
    </datafield>
    <datafield tag="010" ind1=" " ind2=" ">
      <subfield code="a">   73317196 </subfield>
    </datafield>
    <datafield tag="035" ind1=" " ind2=" ">
      <subfield code="a">(OCoLC)1387995</subfield>
    </datafield>
    <datafield tag="040" ind1=" " ind2=" ">
      <subfield code="a">DLC</subfield>
      <subfield code="c">NIC</subfield>
      <subfield code="d">DLC</subfield>
    </datafield>
    <datafield tag="050" ind1="0" ind2="0">
      <subfield code="a">PA4415.F8</subfield>
      <subfield code="b">E5 1971</subfield>
    </datafield>
    <datafield tag="100" ind1="0" ind2=" ">
      <subfield code="a">Sophocles.</subfield>
    </datafield>
    <datafield tag="240" ind1="0" ind2="0">
      <subfield code="a">Electra. French</subfield>
    </datafield>
    <datafield tag="245" ind1="1" ind2="0">
      <subfield code="a">E&#x301;lectre</subfield>
      <subfield code="c">[par] Sophocle.  Parenthe&#x300;ses, de Yannis Ritsos.  Traduction du grec et montage par Antoine Vitez ... [Nanterre, The&#x301;a&#x302;tre des Amandiers, 16 octobre 1971.]</subfield>
    </datafield>
    <datafield tag="260" ind1=" " ind2=" ">
      <subfield code="a">Paris,</subfield>
      <subfield code="b">les E&#x301;diteurs franc&#x327;ais re&#x301;unis,</subfield>
      <subfield code="c">1971.</subfield>
    </datafield>
    <datafield tag="300" ind1=" " ind2=" ">
      <subfield code="a">119 p.</subfield>
      <subfield code="c">14 cm.</subfield>
    </datafield>
    <datafield tag="500" ind1=" " ind2=" ">
      <subfield code="a">"Le texte ... est la traduction entie&#x300;re de l'E&#x301;lectre de Sophocle; des fragments de l'oeuvre poe&#x301;tique de Yannis Ritsos - des parenthe&#x300;ses - y sont ajoute&#x301;s selon un montage qui est celui du spectacle donne&#x301; ... par le The&#x301;a&#x302;tre des Amandiers."</subfield>
    </datafield>
    <datafield tag="500" ind1=" " ind2=" ">
      <subfield code="a">"Les Parenthe&#x300;ses de Yanis Ritsos sont traduites en collaboration avec Chrysa Prokopaki."</subfield>
    </datafield>
    <datafield tag="650" ind1=" " ind2="0">
      <subfield code="a">Electra (Greek mythology)</subfield>
      <subfield code="v">Drama.</subfield>
    </datafield>
    <datafield tag="700" ind1="1" ind2=" ">
      <subfield code="a">Ritsos, Gianne&#x304;s,</subfield>
      <subfield code="d">1909-</subfield>
    </datafield>
    <datafield tag="700" ind1="1" ind2=" ">
      <subfield code="a">Vitez, Antoine,</subfield>
      <subfield code="e">tr.</subfield>
    </datafield>
    <datafield tag="700" ind1="1" ind2=" ">
      <subfield code="a">Prokopaki, Chrysa,</subfield>
      <subfield code="e">tr.</subfield>
    </datafield>
    <datafield tag="985" ind1=" " ind2=" ">
      <subfield code="e">OCLC REPLACEMENT</subfield>
    </datafield>
    <datafield tag="991" ind1=" " ind2=" ">
      <subfield code="b">c-GenColl</subfield>
      <subfield code="h">PA4415.F8</subfield>
      <subfield code="i">E5 1971</subfield>
      <subfield code="p">0003051855A</subfield>
      <subfield code="t">Copy 1</subfield>
      <subfield code="w">OCLCREP</subfield>
    </datafield>
  </record>