
  <record xmlns="http://www.loc.gov/MARC21/slim">
    <leader>03684cjm a22005651a 4500</leader>
    <controlfield tag="001">12325513</controlfield>
    <controlfield tag="005">20031125113255.0</controlfield>
    <controlfield tag="007">sdrbmmennmplue</controlfield>
    <controlfield tag="008">820526s1954    nyuuun   dhis       eng  </controlfield>
    <datafield tag="035" ind1=" " ind2=" ">
      <subfield code="a">(OCoLC)ocm08464618</subfield>
    </datafield>
    <datafield tag="906" ind1=" " ind2=" ">
      <subfield code="a">0</subfield>
      <subfield code="b">cbc</subfield>
      <subfield code="c">copycat</subfield>
      <subfield code="d">3</subfield>
      <subfield code="e">ncip</subfield>
      <subfield code="f">20</subfield>
      <subfield code="g">y-soundrec</subfield>
    </datafield>
    <datafield tag="010" ind1=" " ind2=" ">
      <subfield code="a">   00718611 </subfield>
    </datafield>
    <datafield tag="028" ind1="0" ind2="2">
      <subfield code="a">LM 6029-2</subfield>
      <subfield code="b">RCA Red Seal</subfield>
    </datafield>
    <datafield tag="040" ind1=" " ind2=" ">
      <subfield code="a">DLC</subfield>
      <subfield code="c">CoGrU</subfield>
      <subfield code="d">OCoLC</subfield>
      <subfield code="d">DLC</subfield>
    </datafield>
    <datafield tag="042" ind1=" " ind2=" ">
      <subfield code="a">lcderive</subfield>
    </datafield>
    <datafield tag="050" ind1="0" ind2="0">
      <subfield code="a">RCA Red Seal LM 6029-2</subfield>
    </datafield>
    <datafield tag="245" ind1="0" ind2="0">
      <subfield code="a">History of music in sound.</subfield>
      <subfield code="n">Vol. 4:</subfield>
      <subfield code="p">The age of humanism</subfield>
      <subfield code="h">[sound recording]</subfield>
    </datafield>
    <datafield tag="260" ind1=" " ind2=" ">
      <subfield code="a">New York :</subfield>
      <subfield code="b">RCA Victor,</subfield>
      <subfield code="c">[1954]</subfield>
    </datafield>
    <datafield tag="300" ind1=" " ind2=" ">
      <subfield code="a">1 sound disc :</subfield>
      <subfield code="b">33 1/3 rpm, mono. ;</subfield>
      <subfield code="c">12 in.</subfield>
    </datafield>
    <datafield tag="500" ind1=" " ind2=" ">
      <subfield code="a">"The history of music in sound, vol. 4: The age of humanism (1540-1630) edited by J.A. Westrup.  New York, Oxford University Press, 1954" (71 p. front., music, 25 cm.), program notes by J.A. Westrup and others, intended originally for use with 78 rpm. version laid in container; corrected contents (p. 7-8) applicable to 33 1/3 rpm. version inserted.</subfield>
    </datafield>
    <datafield tag="500" ind1=" " ind2=" ">
      <subfield code="a">Various performers.</subfield>
    </datafield>
    <datafield tag="505" ind1="0" ind2=" ">
      <subfield code="a">Wie scho&#x308;n leuchet der Morgenstern / Praetorius -- In ecclesiis / Giovanni Gabrieli -- Vivray-je tousjours en soucy? / Claudin de Sermisy -- Toda mi vida os ame&#x301; / Luis Milan -- Thyrsis and Milla / Morley -- Sleep, wayward thoughts / Dowland -- Ricercar no. 7 / Willaert -- Padouan and Intrada from Suite no. 3 / Peuerl -- 3-part fantasia, no. 3 / Gibbons -- 4-part fantasia / Coperario -- My lady Carey's dompe / Anon. -- My selfe / Bull -- His humour / Farnaby -- The king's juell / Gibbons -- Capriccio sopra un soggetto / Frescobaldi -- Ricercar arioso, no. 1 / Andrea Gabrieli -- Chorale variations: Ach Gott, von Himmel sieh' darein / Sweelinck -- Scene from Orfeo, Act IV / Monteverdi -- Bevi, bevi, from La morte d'Orfeo / Landi.</subfield>
    </datafield>
    <datafield tag="650" ind1=" " ind2="0">
      <subfield code="a">Choruses, Sacred (Mixed voices) with instrumental ensemble.</subfield>
    </datafield>
    <datafield tag="650" ind1=" " ind2="0">
      <subfield code="a">Songs with lute.</subfield>
    </datafield>
    <datafield tag="650" ind1=" " ind2="0">
      <subfield code="a">Viol music.</subfield>
    </datafield>
    <datafield tag="650" ind1=" " ind2="0">
      <subfield code="a">Harpsichord music.</subfield>
    </datafield>
    <datafield tag="650" ind1=" " ind2="0">
      <subfield code="a">Organ music.</subfield>
    </datafield>
    <datafield tag="650" ind1=" " ind2="0">
      <subfield code="a">Operas</subfield>
      <subfield code="v">Excerpts.</subfield>
    </datafield>
    <datafield tag="700" ind1="1" ind2=" ">
      <subfield code="a">Westrup, J. A.</subfield>
      <subfield code="q">(Jack Allan),</subfield>
      <subfield code="d">1904-1975.</subfield>
    </datafield>
    <datafield tag="700" ind1="1" ind2="2">
      <subfield code="a">Praetorius, Michael,</subfield>
      <subfield code="d">1571-1621.</subfield>
      <subfield code="t">Polyhymnia caduceatrix et panegyrica.</subfield>
      <subfield code="p">Wie scho&#x308;n leuchtet der Morgenstern.</subfield>
    </datafield>
    <datafield tag="700" ind1="1" ind2="2">
      <subfield code="a">Gabrieli, Giovanni,</subfield>
      <subfield code="d">1557-1612.</subfield>
      <subfield code="t">Symphoniae sacrae.</subfield>
      <subfield code="p">In ecclesiis.</subfield>
    </datafield>
    <datafield tag="700" ind1="1" ind2="2">
      <subfield code="a">Sermisy, Claudin de,</subfield>
      <subfield code="d">ca. 1490-1562.</subfield>
      <subfield code="t">Vivray-je tousjours en soucy.</subfield>
    </datafield>
    <datafield tag="700" ind1="1" ind2="2">
      <subfield code="a">Mila&#x301;n, Luis,</subfield>
      <subfield code="d">16th cent.</subfield>
      <subfield code="t">Maestro.</subfield>
      <subfield code="p">Toda mi vida os ame&#x301;.</subfield>
    </datafield>
    <datafield tag="700" ind1="1" ind2="2">
      <subfield code="a">Morley, Thomas,</subfield>
      <subfield code="d">1557-1603?</subfield>
      <subfield code="t">Ayres.</subfield>
      <subfield code="p">Thirsis and Milla.</subfield>
    </datafield>
    <datafield tag="700" ind1="1" ind2="2">
      <subfield code="a">Dowland, John,</subfield>
      <subfield code="d">1563?-1626.</subfield>
      <subfield code="t">Songs or ayres,</subfield>
      <subfield code="n">1st book</subfield>
      <subfield code="p">Sleep wayward thoughts.</subfield>
    </datafield>
    <datafield tag="700" ind1="1" ind2="2">
      <subfield code="a">Willaert, Adrian,</subfield>
      <subfield code="d">1490?-1562.</subfield>
      <subfield code="t">Ricercari a tre voci.</subfield>
      <subfield code="n">No. 7.</subfield>
    </datafield>
    <datafield tag="700" ind1="1" ind2="2">
      <subfield code="a">Peuerl, Paul,</subfield>
      <subfield code="d">1575 (ca.)-1625.</subfield>
      <subfield code="t">Suites,</subfield>
      <subfield code="m">strings (1611).</subfield>
      <subfield code="n">No. 3.</subfield>
    </datafield>
    <datafield tag="700" ind1="1" ind2="2">
      <subfield code="a">Gibbons, Orlando,</subfield>
      <subfield code="d">1583-1625.</subfield>
      <subfield code="t">Fantasies,</subfield>
      <subfield code="m">voices (3),</subfield>
      <subfield code="n">H. 7-15.</subfield>
      <subfield code="n">No. 3.</subfield>
    </datafield>
    <datafield tag="700" ind1="1" ind2="2">
      <subfield code="a">Coperario, John,</subfield>
      <subfield code="d">1570 (ca.)-1626.</subfield>
      <subfield code="t">Fantasias,</subfield>
      <subfield code="m">viols (4)</subfield>
    </datafield>
    <datafield tag="700" ind1="1" ind2="2">
      <subfield code="a">Bull, John,</subfield>
      <subfield code="d">d. 1628.</subfield>
      <subfield code="t">My self.</subfield>
    </datafield>
    <datafield tag="700" ind1="1" ind2="2">
      <subfield code="a">Farnaby, Giles,</subfield>
      <subfield code="d">ca. 1565-1640.</subfield>
      <subfield code="t">His humour.</subfield>
    </datafield>
    <datafield tag="700" ind1="1" ind2="2">
      <subfield code="a">Gibbons, Orlando,</subfield>
      <subfield code="d">1583-1625.</subfield>
      <subfield code="t">King's jewel.</subfield>
    </datafield>
    <datafield tag="700" ind1="1" ind2="2">
      <subfield code="a">Frescobaldi, Girolamo,</subfield>
      <subfield code="d">1583-1643.</subfield>
      <subfield code="t">Capriccios,</subfield>
      <subfield code="m">keyboard instrument</subfield>
      <subfield code="n">No. 11.</subfield>
    </datafield>
    <datafield tag="700" ind1="1" ind2="2">
      <subfield code="a">Gabrieli, Andrea,</subfield>
      <subfield code="d">ca. 1533-1585.</subfield>
      <subfield code="t">Canzoni alla francese et ricercari ariosi.</subfield>
      <subfield code="p">Ricercar arioso,</subfield>
      <subfield code="n">no. 1.</subfield>
    </datafield>
    <datafield tag="700" ind1="1" ind2="2">
      <subfield code="a">Sweelinck, Jan Pieterszoon,</subfield>
      <subfield code="d">1562-1621.</subfield>
      <subfield code="t">Ach Gott, vom Himmel sieh' darein</subfield>
      <subfield code="n">14.</subfield>
    </datafield>
    <datafield tag="700" ind1="1" ind2="2">
      <subfield code="a">Monteverdi, Claudio,</subfield>
      <subfield code="d">1567-1643.</subfield>
      <subfield code="t">Orfeo.</subfield>
      <subfield code="k">Selections.</subfield>
    </datafield>
    <datafield tag="700" ind1="1" ind2="2">
      <subfield code="a">Landi, Stefano,</subfield>
      <subfield code="d">1586 or 7-1639.</subfield>
      <subfield code="t">Morte d'Orfeo</subfield>
      <subfield code="p">Bevi, bevi, securo l'ondo.</subfield>
    </datafield>
    <datafield tag="740" ind1="0" ind2=" ">
      <subfield code="a">My Lady Carey's dompe.</subfield>
    </datafield>
    <datafield tag="740" ind1="0" ind2=" ">
      <subfield code="a">Age of humanism.</subfield>
    </datafield>
    <datafield tag="985" ind1=" " ind2=" ">
      <subfield code="c">OCLC</subfield>
      <subfield code="e">Claimed Recordings</subfield>
    </datafield>
  </record>