
  <record xmlns="http://www.loc.gov/MARC21/slim">
    <leader>00610nam a2200193u  4500</leader>
    <controlfield tag="001">8253987</controlfield>
    <controlfield tag="005">00000000000000.0</controlfield>
    <controlfield tag="008">840120s1920    it            000 0 ita  </controlfield>
    <datafield tag="035" ind1=" " ind2=" ">
      <subfield code="9">(DLC)   21003267</subfield>
    </datafield>
    <datafield tag="906" ind1=" " ind2=" ">
      <subfield code="a">0</subfield>
      <subfield code="b">cbc</subfield>
      <subfield code="c">premunv</subfield>
      <subfield code="d">u</subfield>
      <subfield code="e">ncip</subfield>
      <subfield code="f">19</subfield>
      <subfield code="g">y-gencatlg</subfield>
    </datafield>
    <datafield tag="010" ind1=" " ind2=" ">
      <subfield code="a">   21003267 </subfield>
    </datafield>
    <datafield tag="040" ind1=" " ind2=" ">
      <subfield code="a">DLC</subfield>
      <subfield code="c">CarP</subfield>
      <subfield code="d">DLC</subfield>
    </datafield>
    <datafield tag="050" ind1="0" ind2="0">
      <subfield code="a">PQ4851.U3</subfield>
      <subfield code="b">M7 1920</subfield>
    </datafield>
    <datafield tag="100" ind1="1" ind2=" ">
      <subfield code="a">Zu&#x300;ccoli, Luciano,</subfield>
      <subfield code="d">1868-1929. [from old catalog]</subfield>
    </datafield>
    <datafield tag="245" ind1="1" ind2="3">
      <subfield code="a">La morte d'Orfeo. </subfield>
    </datafield>
    <datafield tag="250" ind1=" " ind2=" ">
      <subfield code="a">Nuova ed., riv. e corr. </subfield>
    </datafield>
    <datafield tag="260" ind1=" " ind2=" ">
      <subfield code="a">Milano,</subfield>
      <subfield code="b">Casa editrice Vitagliano</subfield>
      <subfield code="c">[c1920]</subfield>
    </datafield>
    <datafield tag="300" ind1=" " ind2=" ">
      <subfield code="a">239, [1] p.</subfield>
      <subfield code="c">19 cm.</subfield>
    </datafield>
    <datafield tag="991" ind1=" " ind2=" ">
      <subfield code="b">c-GenColl</subfield>
      <subfield code="h">PQ4851.U3</subfield>
      <subfield code="i">M7 1920</subfield>
      <subfield code="t">Copy 1</subfield>
      <subfield code="w">PREM</subfield>
    </datafield>
  </record>