
  <record xmlns="http://www.loc.gov/MARC21/slim">
    <leader>02914cjm a2200493 a 4500</leader>
    <controlfield tag="001">13760751</controlfield>
    <controlfield tag="005">20060316152457.0</controlfield>
    <controlfield tag="007">sd fsngnnmmned</controlfield>
    <controlfield tag="008">041025p20042003enkopn|  defhi    | fre d</controlfield>
    <datafield tag="010" ind1=" " ind2=" ">
      <subfield code="a">  2004400546</subfield>
    </datafield>
    <datafield tag="024" ind1="1" ind2=" ">
      <subfield code="a">034571174471</subfield>
    </datafield>
    <datafield tag="028" ind1="0" ind2="2">
      <subfield code="a">CDA67447</subfield>
      <subfield code="b">Hyperion</subfield>
    </datafield>
    <datafield tag="035" ind1=" " ind2=" ">
      <subfield code="a">(OCoLC)ocm56340415</subfield>
    </datafield>
    <datafield tag="040" ind1=" " ind2=" ">
      <subfield code="a">CIN</subfield>
      <subfield code="c">CIN</subfield>
      <subfield code="d">DLC</subfield>
    </datafield>
    <datafield tag="041" ind1="1" ind2=" ">
      <subfield code="d">fre</subfield>
      <subfield code="e">fre</subfield>
      <subfield code="e">eng</subfield>
      <subfield code="h">fre</subfield>
      <subfield code="g">eng</subfield>
      <subfield code="g">fre</subfield>
      <subfield code="g">ger</subfield>
    </datafield>
    <datafield tag="042" ind1=" " ind2=" ">
      <subfield code="a">lccopycat</subfield>
    </datafield>
    <datafield tag="050" ind1="0" ind2="0">
      <subfield code="a">SDB 33644</subfield>
    </datafield>
    <datafield tag="100" ind1="1" ind2=" ">
      <subfield code="a">Rameau, Jean Philippe,</subfield>
      <subfield code="d">1683-1764.</subfield>
    </datafield>
    <datafield tag="240" ind1="1" ind2="0">
      <subfield code="a">Operas.</subfield>
      <subfield code="k">Selections</subfield>
    </datafield>
    <datafield tag="245" ind1="1" ind2="0">
      <subfield code="a">Re&#x300;gne Amour</subfield>
      <subfield code="h">[sound recording] :</subfield>
      <subfield code="b">love songs from the operas /</subfield>
      <subfield code="c">Jean-Philippe Rameau.</subfield>
    </datafield>
    <datafield tag="260" ind1=" " ind2=" ">
      <subfield code="a">London, England :</subfield>
      <subfield code="b">Hyperion,</subfield>
      <subfield code="c">p2004.</subfield>
    </datafield>
    <datafield tag="300" ind1=" " ind2=" ">
      <subfield code="a">1 sound disc :</subfield>
      <subfield code="b">digital, stereo. ;</subfield>
      <subfield code="c">4 3/4 in.</subfield>
    </datafield>
    <datafield tag="546" ind1=" " ind2=" ">
      <subfield code="a">Sung in French.</subfield>
    </datafield>
    <datafield tag="511" ind1="0" ind2=" ">
      <subfield code="a">Carolyn Sampson, soprano ; Ex Cathedra ; Jeffrey Skidmore, conductor.</subfield>
    </datafield>
    <datafield tag="518" ind1=" " ind2=" ">
      <subfield code="a">Recorded Nov. 14-16, 2003, St. Paul's Church, New Southgate, London.</subfield>
    </datafield>
    <datafield tag="500" ind1=" " ind2=" ">
      <subfield code="a">Compact disc.</subfield>
    </datafield>
    <datafield tag="500" ind1=" " ind2=" ">
      <subfield code="a">Program notes in English, French, and German, and texts with English translations in container.</subfield>
    </datafield>
    <datafield tag="505" ind1="0" ind2=" ">
      <subfield code="a">Les Indes galantes. Fra le pupille ; Rigaudon I ; Rigaudon II ; Fuyez, vents orageux! ; Tambourin I ; Tambourin II ; Partez! ; Re&#x301;gnez, amour ; Tempe&#x302;te: La nuit couvre lex cieux! -- Les Paladins. C'est trop soupirer -- Plate&#x301;e. Soleil, fuis de ces lieux! -- Zoroastre. Re&#x300;gne Amour -- Dardanus. Marche pour les diffe&#x301;rentes nations ; Par tes bienfaits ; Air gracieux ; L'amour, le seul amour ; Menuet en rondeau ; Si l'amour cou&#x302;te des soupirs ; Tambourin I ; Tambourin II -- Pygmalion. Du pouvoir de l'amour -- Hippolyte et Aricie. Rossignols amoureuex -- Les Indes galantes. Musettes, re&#x301;sonnez ; Menuet en rondeau -- Plate&#x301;e. Formons les plus brillants concerts ; Aux langueurs d'Apollon ; Honneur a&#x300; la folie ; Aimables jeux ; Honneur a&#x300; la folie ; Je veux finir ; Hymen.</subfield>
    </datafield>
    <datafield tag="650" ind1=" " ind2="0">
      <subfield code="a">Operas</subfield>
      <subfield code="v">Excerpts.</subfield>
    </datafield>
    <datafield tag="650" ind1=" " ind2="0">
      <subfield code="a">Love</subfield>
      <subfield code="v">Songs and music.</subfield>
    </datafield>
    <datafield tag="700" ind1="1" ind2=" ">
      <subfield code="a">Sampson, Carolyn.</subfield>
      <subfield code="4">prf</subfield>
    </datafield>
    <datafield tag="700" ind1="1" ind2=" ">
      <subfield code="a">Skidmore, Jeffrey,</subfield>
      <subfield code="d">1951-</subfield>
      <subfield code="4">cnd</subfield>
    </datafield>
    <datafield tag="700" ind1="1" ind2="2">
      <subfield code="a">Rameau, Jean Philippe,</subfield>
      <subfield code="d">1683-1764.</subfield>
      <subfield code="t">Indes galantes.</subfield>
      <subfield code="k">Selections.</subfield>
    </datafield>
    <datafield tag="700" ind1="1" ind2="2">
      <subfield code="a">Rameau, Jean Philippe,</subfield>
      <subfield code="d">1683-1764.</subfield>
      <subfield code="t">Paladins.</subfield>
      <subfield code="p">C'est trop soupirer.</subfield>
    </datafield>
    <datafield tag="700" ind1="1" ind2="2">
      <subfield code="a">Rameau, Jean Philippe,</subfield>
      <subfield code="d">1683-1764.</subfield>
      <subfield code="t">Zoroastre.</subfield>
      <subfield code="p">Re&#x300;gne Amour.</subfield>
    </datafield>
    <datafield tag="700" ind1="1" ind2="2">
      <subfield code="a">Rameau, Jean Philippe,</subfield>
      <subfield code="d">1683-1764.</subfield>
      <subfield code="t">Dardanus.</subfield>
      <subfield code="k">Selections.</subfield>
    </datafield>
    <datafield tag="700" ind1="1" ind2="2">
      <subfield code="a">Rameau, Jean Philippe,</subfield>
      <subfield code="d">1683-1764.</subfield>
      <subfield code="t">Pygmalion.</subfield>
      <subfield code="p">Du pouvoir de l'Amour.</subfield>
    </datafield>
    <datafield tag="700" ind1="1" ind2="2">
      <subfield code="a">Rameau, Jean Philippe,</subfield>
      <subfield code="d">1683-1764.</subfield>
      <subfield code="t">Hippolyte et Aricie.</subfield>
      <subfield code="p">Rossignols amoureux.</subfield>
    </datafield>
    <datafield tag="700" ind1="1" ind2="2">
      <subfield code="a">Rameau, Jean Philippe,</subfield>
      <subfield code="d">1683-1764.</subfield>
      <subfield code="t">Plate&#x301;e.</subfield>
      <subfield code="k">Selections.</subfield>
    </datafield>
    <datafield tag="710" ind1="2" ind2=" ">
      <subfield code="a">Ex Cathedra Chamber Choir.</subfield>
      <subfield code="4">prf</subfield>
    </datafield>
    <datafield tag="710" ind1="2" ind2=" ">
      <subfield code="a">Ex Cathedra Baroque Orchestra.</subfield>
      <subfield code="4">prf</subfield>
    </datafield>
    <datafield tag="906" ind1=" " ind2=" ">
      <subfield code="a">7</subfield>
      <subfield code="b">cbc</subfield>
      <subfield code="c">copycat</subfield>
      <subfield code="d">2</subfield>
      <subfield code="e">ncip</subfield>
      <subfield code="f">20</subfield>
      <subfield code="g">y-genmusic</subfield>
    </datafield>
    <datafield tag="925" ind1="0" ind2=" ">
      <subfield code="a">acquire</subfield>
      <subfield code="b">2 shelf copies</subfield>
      <subfield code="x">policy default</subfield>
    </datafield>
    <datafield tag="955" ind1=" " ind2=" ">
      <subfield code="a">nh07 10-25-04; to MBRS</subfield>
      <subfield code="a">vl28 2006-03-07 z-client</subfield>
      <subfield code="i">vl28 2006-03-07</subfield>
      <subfield code="e">vl09 2006-03-16 to M/B/RS</subfield>
    </datafield>
  </record>