
  <record xmlns="http://www.loc.gov/MARC21/slim">
    <leader>02470cjm a2200397 a 4500</leader>
    <controlfield tag="001">12363786</controlfield>
    <controlfield tag="005">20040322124129.0</controlfield>
    <controlfield tag="007">ss|usnzlzznned</controlfield>
    <controlfield tag="008">010329s1996    dcusun                   </controlfield>
    <datafield tag="906" ind1=" " ind2=" ">
      <subfield code="a">7</subfield>
      <subfield code="b">cbc</subfield>
      <subfield code="c">orignew</subfield>
      <subfield code="d">3</subfield>
      <subfield code="e">ncip</subfield>
      <subfield code="f">20</subfield>
      <subfield code="g">y-genmusic</subfield>
    </datafield>
    <datafield tag="925" ind1="0" ind2=" ">
      <subfield code="a">acquire</subfield>
      <subfield code="b">2 shelf copies</subfield>
      <subfield code="x">policy default</subfield>
    </datafield>
    <datafield tag="955" ind1=" " ind2=" ">
      <subfield code="a">vk03 03-29-01; qu27 05-14-01</subfield>
    </datafield>
    <datafield tag="010" ind1=" " ind2=" ">
      <subfield code="a">  2001572988</subfield>
    </datafield>
    <datafield tag="033" ind1="1" ind2=" ">
      <subfield code="a">19961203</subfield>
      <subfield code="b">3850</subfield>
    </datafield>
    <datafield tag="040" ind1=" " ind2=" ">
      <subfield code="a">DLC</subfield>
      <subfield code="c">DLC</subfield>
      <subfield code="d">DLC</subfield>
    </datafield>
    <datafield tag="050" ind1="0" ind2="0">
      <subfield code="a">RGA 5216 (playback copy)</subfield>
    </datafield>
    <datafield tag="050" ind1="0" ind2="0">
      <subfield code="a">RGA 5217 (digital master)</subfield>
    </datafield>
    <datafield tag="100" ind1="1" ind2=" ">
      <subfield code="a">Rousset, Christophe.</subfield>
      <subfield code="4">prf</subfield>
    </datafield>
    <datafield tag="245" ind1="1" ind2="0">
      <subfield code="a">[Library of Congress Music Division concert, 1996-12-03]</subfield>
      <subfield code="h">[sound recording].</subfield>
    </datafield>
    <datafield tag="260" ind1=" " ind2=" ">
      <subfield code="c">1996.</subfield>
    </datafield>
    <datafield tag="300" ind1=" " ind2=" ">
      <subfield code="a">1 sound cassette :</subfield>
      <subfield code="b">digital, stereo.</subfield>
    </datafield>
    <datafield tag="511" ind1="0" ind2=" ">
      <subfield code="a">Christophe Rousset, harpsichord.</subfield>
    </datafield>
    <datafield tag="518" ind1=" " ind2=" ">
      <subfield code="a">Recorded in the Terrace Theater in the John F. Kennedy Center for the Performing Arts, Washington, D.C., Dec. 3, 1996.</subfield>
    </datafield>
    <datafield tag="500" ind1=" " ind2=" ">
      <subfield code="a">Concert given under the auspices of the Mae and Irving Jurow Fund in the Library of Congress.</subfield>
    </datafield>
    <datafield tag="500" ind1=" " ind2=" ">
      <subfield code="a">Produced by the Music Division and the Recording Laboratory of the Library of Congress.</subfield>
    </datafield>
    <datafield tag="505" ind1="0" ind2=" ">
      <subfield code="a">Suite in D minor. Prelude ; Allemande ; Courante ; Sarabande ; Canarie ; Chaconne / Louis Couperin -- Suite no. XII in C major. Lamento-- sopra la dolorosa perdita della Real Maesta di Ferdinando IV ; Gigue ; Courante ; Sarabande / Johann Jakob Froberger -- Suite no. IV in G minor. La marella ; La cle&#x301;ment ; Sarabande de la d'eaubonne ; La bournonville / Antoine Forqueray -- Suite : from "Les indes galantes." Ouverture ; Air polonais ; Musette en rondeau ; Air gratieux pour les amours ; Air pour les amants et les amantes ; Air pour les esclaves africains ; Rigaudon I/II ; Tambourin I/II ; Gavotte I/II ; Les sauvages ; Chaconne / Jean-Phillippe Rameau.</subfield>
    </datafield>
    <datafield tag="500" ind1=" " ind2=" ">
      <subfield code="a">Cataloged from printed program; actual tape contents may vary.</subfield>
    </datafield>
    <datafield tag="650" ind1=" " ind2="0">
      <subfield code="a">Suites (Harpsichord)</subfield>
    </datafield>
    <datafield tag="650" ind1=" " ind2="0">
      <subfield code="a">Harpsichord music, Arranged.</subfield>
    </datafield>
    <datafield tag="700" ind1="1" ind2="2">
      <subfield code="a">Couperin, Louis,</subfield>
      <subfield code="d">1626 (ca.)-1661.</subfield>
      <subfield code="t">Harpsichord music.</subfield>
      <subfield code="k">Selections.</subfield>
    </datafield>
    <datafield tag="700" ind1="1" ind2="2">
      <subfield code="a">Froberger, Johann Jacob,</subfield>
      <subfield code="d">1616-1667.</subfield>
      <subfield code="t">Suites,</subfield>
      <subfield code="m">keyboard instrument,</subfield>
      <subfield code="n">no. 12,</subfield>
      <subfield code="r">C major.</subfield>
    </datafield>
    <datafield tag="700" ind1="1" ind2="2">
      <subfield code="a">Forqueray, Antoine,</subfield>
      <subfield code="d">1671-1745.</subfield>
      <subfield code="t">Pie&#x300;ces de viole.</subfield>
      <subfield code="n">No 4;</subfield>
      <subfield code="o">arr.</subfield>
    </datafield>
    <datafield tag="700" ind1="1" ind2="2">
      <subfield code="a">Rameau, Jean Philippe,</subfield>
      <subfield code="d">1683-1764.</subfield>
      <subfield code="t">Indes galantes.</subfield>
      <subfield code="k">Selections;</subfield>
      <subfield code="o">arr.</subfield>
    </datafield>
    <datafield tag="710" ind1="2" ind2=" ">
      <subfield code="a">Library of Congress.</subfield>
      <subfield code="b">Mae and Irving Jurow Fund.</subfield>
      <subfield code="4">fnd</subfield>
    </datafield>
    <datafield tag="710" ind1="2" ind2=" ">
      <subfield code="a">Library of Congress.</subfield>
      <subfield code="b">Music Division.</subfield>
    </datafield>
    <datafield tag="710" ind1="2" ind2=" ">
      <subfield code="a">Library of Congress.</subfield>
      <subfield code="b">Recording Laboratory.</subfield>
    </datafield>
  </record>