
  <record xmlns="http://www.loc.gov/MARC21/slim">
    <leader>00972cjm a22002653a 4500</leader>
    <controlfield tag="001">14359288</controlfield>
    <controlfield tag="005">20060531151650.0</controlfield>
    <controlfield tag="007">sd fsngnnmmned</controlfield>
    <controlfield tag="008">060501s2005    nyuppn|           | eng  </controlfield>
    <datafield tag="906" ind1=" " ind2=" ">
      <subfield code="a">7</subfield>
      <subfield code="b">cbc</subfield>
      <subfield code="c">orignew</subfield>
      <subfield code="d">3</subfield>
      <subfield code="e">ncip</subfield>
      <subfield code="f">20</subfield>
      <subfield code="g">y-genmusic</subfield>
    </datafield>
    <datafield tag="925" ind1="0" ind2=" ">
      <subfield code="a">acquire</subfield>
      <subfield code="b">2 copies</subfield>
      <subfield code="x">policy default</subfield>
    </datafield>
    <datafield tag="955" ind1=" " ind2=" ">
      <subfield code="a">vn00 2006-05-01</subfield>
      <subfield code="h">vn07 2006-05-01 to MBRS/RS</subfield>
    </datafield>
    <datafield tag="985" ind1=" " ind2=" ">
      <subfield code="a">SMCD</subfield>
      <subfield code="e">cdpop</subfield>
    </datafield>
    <datafield tag="010" ind1=" " ind2=" ">
      <subfield code="a">  2006569591</subfield>
    </datafield>
    <datafield tag="024" ind1="1" ind2=" ">
      <subfield code="a">828766888324</subfield>
    </datafield>
    <datafield tag="028" ind1="0" ind2="2">
      <subfield code="a">82876 68883-2</subfield>
      <subfield code="b">RCA Victor</subfield>
    </datafield>
    <datafield tag="040" ind1=" " ind2=" ">
      <subfield code="a">DLC</subfield>
      <subfield code="c">DLC</subfield>
    </datafield>
    <datafield tag="050" ind1="0" ind2="0">
      <subfield code="a">SDB 30248</subfield>
    </datafield>
    <datafield tag="245" ind1="0" ind2="0">
      <subfield code="a">Defined</subfield>
      <subfield code="h">[sound recording].</subfield>
    </datafield>
    <datafield tag="260" ind1=" " ind2=" ">
      <subfield code="a">New York, N.Y. :</subfield>
      <subfield code="b">RCA Victor,</subfield>
      <subfield code="c">p2005.</subfield>
    </datafield>
    <datafield tag="300" ind1=" " ind2=" ">
      <subfield code="a">1 sound disc :</subfield>
      <subfield code="b">digital ;</subfield>
      <subfield code="c">4 3/4 in.</subfield>
    </datafield>
    <datafield tag="511" ind1="0" ind2=" ">
      <subfield code="a">Amici Forever.</subfield>
    </datafield>
    <datafield tag="500" ind1=" " ind2=" ">
      <subfield code="a">Compact disc.</subfield>
    </datafield>
    <datafield tag="505" ind1="0" ind2=" ">
      <subfield code="a">La fiamma sacra -- Nella fantasia --The prayer -- Aranjuez ma pense&#x301;e -- So far away -- Nostalgia -- Core 'ngrato -- Land &amp; freedom -- Mon coeur s'ouvre a&#x301;&#x301; ta voix -- Recondita armonia -- Adagio -- Ocean heart.</subfield>
    </datafield>
    <datafield tag="500" ind1=" " ind2=" ">
      <subfield code="a">Brief record.</subfield>
    </datafield>
  </record>