
  <record xmlns="http://www.loc.gov/MARC21/slim">
    <leader>01566cjm a2200349 a 4500</leader>
    <controlfield tag="001">14061857</controlfield>
    <controlfield tag="005">20050902074440.0</controlfield>
    <controlfield tag="007">sd fsngnnmmned</controlfield>
    <controlfield tag="008">050802s2004    enkppn|           | eng d</controlfield>
    <datafield tag="010" ind1=" " ind2=" ">
      <subfield code="a">  2005589227</subfield>
    </datafield>
    <datafield tag="024" ind1="1" ind2=" ">
      <subfield code="a">028947562948</subfield>
    </datafield>
    <datafield tag="028" ind1="0" ind2="2">
      <subfield code="a">475 629-4</subfield>
      <subfield code="b">Decca Records</subfield>
    </datafield>
    <datafield tag="035" ind1=" " ind2=" ">
      <subfield code="a">(OCoLC)ocm57678336</subfield>
    </datafield>
    <datafield tag="040" ind1=" " ind2=" ">
      <subfield code="a">NVC</subfield>
      <subfield code="c">NVC</subfield>
      <subfield code="d">OCLCQ</subfield>
      <subfield code="d">DLC</subfield>
    </datafield>
    <datafield tag="042" ind1=" " ind2=" ">
      <subfield code="a">lccopycat</subfield>
    </datafield>
    <datafield tag="050" ind1="0" ind2="0">
      <subfield code="a">SDB 24727</subfield>
    </datafield>
    <datafield tag="100" ind1="1" ind2=" ">
      <subfield code="a">Watson, Russell,</subfield>
      <subfield code="d">1973-</subfield>
    </datafield>
    <datafield tag="245" ind1="1" ind2="0">
      <subfield code="a">Amore musica</subfield>
      <subfield code="h">[sound recording] /</subfield>
      <subfield code="c">Russell Watson.</subfield>
    </datafield>
    <datafield tag="260" ind1=" " ind2=" ">
      <subfield code="a">London :</subfield>
      <subfield code="b">Decca Records,</subfield>
      <subfield code="c">p2004.</subfield>
    </datafield>
    <datafield tag="300" ind1=" " ind2=" ">
      <subfield code="a">1 sound disc :</subfield>
      <subfield code="b">digital, stereo. ;</subfield>
      <subfield code="c">4 3/4 in.</subfield>
    </datafield>
    <datafield tag="500" ind1=" " ind2=" ">
      <subfield code="a">Compact disc.</subfield>
    </datafield>
    <datafield tag="500" ind1=" " ind2=" ">
      <subfield code="a">Program notes on insert in container.</subfield>
    </datafield>
    <datafield tag="546" ind1=" " ind2=" ">
      <subfield code="a">Sung in Italian and English.</subfield>
    </datafield>
    <datafield tag="511" ind1="0" ind2=" ">
      <subfield code="a">Russell Watson, vocals ; with instrumental accompaniment.</subfield>
    </datafield>
    <datafield tag="508" ind1=" " ind2=" ">
      <subfield code="a">Produced by Simon Frangien.</subfield>
    </datafield>
    <datafield tag="505" ind1="0" ind2=" ">
      <subfield code="a">Amore e musica -- Magia sara&#x300; -- You raise me up -- Il gladiatore (based on the film Gladiator) -- I te vurria vasa -- I believe -- La fiamma sacra -- You'll still be there for me (based on the film Rob Roy) -- The alchemist (feat. Lara Fabian) -- Pray for the love -- C'e&#x300; sempre musica -- I'll walk with God (from the Student Prince) -- We will stand together (based on Elgar's Nimrod).</subfield>
    </datafield>
    <datafield tag="650" ind1=" " ind2="0">
      <subfield code="a">Popular music</subfield>
      <subfield code="y">2001-2010.</subfield>
    </datafield>
    <datafield tag="650" ind1=" " ind2="0">
      <subfield code="a">Songs (High voice) with orchestra.</subfield>
    </datafield>
    <datafield tag="906" ind1=" " ind2=" ">
      <subfield code="a">7</subfield>
      <subfield code="b">cbc</subfield>
      <subfield code="c">copycat</subfield>
      <subfield code="d">2</subfield>
      <subfield code="e">ncip</subfield>
      <subfield code="f">20</subfield>
      <subfield code="g">y-genmusic</subfield>
    </datafield>
    <datafield tag="925" ind1="0" ind2=" ">
      <subfield code="a">acquire</subfield>
      <subfield code="b">2 shelf copies</subfield>
      <subfield code="x">policy default</subfield>
    </datafield>
    <datafield tag="955" ind1=" " ind2=" ">
      <subfield code="a">vn09 2005-08-02 z-client</subfield>
      <subfield code="i">vn09 2005-08-02</subfield>
      <subfield code="e">vl27 2005-08-31 to MBRS</subfield>
    </datafield>
    <datafield tag="985" ind1=" " ind2=" ">
      <subfield code="a">smcd</subfield>
      <subfield code="e">cdpop</subfield>
    </datafield>
  </record>