
  <record xmlns="http://www.loc.gov/MARC21/slim">
    <leader>01786cjm a2200397 a 4500</leader>
    <controlfield tag="001">5685001</controlfield>
    <controlfield tag="005">20010208090029.0</controlfield>
    <controlfield tag="007">sdudmsdnnmslu</controlfield>
    <controlfield tag="008">930720s1940    ru opn              ruso </controlfield>
    <datafield tag="035" ind1=" " ind2=" ">
      <subfield code="9">(DLC)   93719030</subfield>
    </datafield>
    <datafield tag="906" ind1=" " ind2=" ">
      <subfield code="a">7</subfield>
      <subfield code="b">cbc</subfield>
      <subfield code="c">orignew</subfield>
      <subfield code="d">3</subfield>
      <subfield code="e">ncip</subfield>
      <subfield code="f">19</subfield>
      <subfield code="g">y-genmusic</subfield>
    </datafield>
    <datafield tag="010" ind1=" " ind2=" ">
      <subfield code="a">   93719030 </subfield>
    </datafield>
    <datafield tag="028" ind1="0" ind2="0">
      <subfield code="a">9162V</subfield>
      <subfield code="b">Aprelevskii&#x306; zavod pami&#x361;ati 1905 g.</subfield>
    </datafield>
    <datafield tag="028" ind1="0" ind2="0">
      <subfield code="a">9163V</subfield>
      <subfield code="b">Aprelevskii&#x306; zavod pami&#x361;ati 1905 g.</subfield>
    </datafield>
    <datafield tag="028" ind1="1" ind2="0">
      <subfield code="a">G-2665</subfield>
      <subfield code="b">Aprelevskii&#x306; zavod pami&#x361;ati 1905 g.</subfield>
    </datafield>
    <datafield tag="028" ind1="1" ind2="0">
      <subfield code="a">G-2666</subfield>
      <subfield code="b">Aprelevskii&#x306; zavod pami&#x361;ati 1905 g.</subfield>
    </datafield>
    <datafield tag="040" ind1=" " ind2=" ">
      <subfield code="a">DLC</subfield>
      <subfield code="c">DLC</subfield>
      <subfield code="d">DLC</subfield>
    </datafield>
    <datafield tag="041" ind1="1" ind2=" ">
      <subfield code="d">rus</subfield>
      <subfield code="h">ita</subfield>
    </datafield>
    <datafield tag="050" ind1="0" ind2="0">
      <subfield code="a">Aprelevskii&#x306; zavod pami&#x361;ati 1905 g. 9162V--9163V</subfield>
    </datafield>
    <datafield tag="100" ind1="1" ind2=" ">
      <subfield code="a">Gluck, Christoph Willibald,</subfield>
      <subfield code="c">Ritter von,</subfield>
      <subfield code="d">1714-1787.</subfield>
    </datafield>
    <datafield tag="240" ind1="1" ind2="0">
      <subfield code="a">Orfeo ed Euridice.</subfield>
      <subfield code="p">Che faro&#x300; senza Euridice.</subfield>
      <subfield code="l">Russian</subfield>
    </datafield>
    <datafield tag="245" ind1="1" ind2="0">
      <subfield code="a">Arii&#x361;a Orfei&#x361;a</subfield>
      <subfield code="h">[sound recording] :</subfield>
      <subfield code="b">iz 3 akta op. Orfei&#x306; : muz. Kh. Gli&#x361;uka.</subfield>
    </datafield>
    <datafield tag="260" ind1=" " ind2=" ">
      <subfield code="a">[Moscow] :</subfield>
      <subfield code="b">Aprelevskii&#x306; zavod pami&#x361;ati 1905 g.,</subfield>
      <subfield code="c">[ca. 1940]</subfield>
    </datafield>
    <datafield tag="300" ind1=" " ind2=" ">
      <subfield code="a">1 sound disc :</subfield>
      <subfield code="b">analog, 78 rpm, mono. ;</subfield>
      <subfield code="c">10 in.</subfield>
    </datafield>
    <datafield tag="500" ind1=" " ind2=" ">
      <subfield code="a">Aprelevskii&#x306; zavod pami&#x361;ati 1905 g.: 9162V (matrix G-2665) (1st side), 9163V (matrix G-2666) (2nd side).</subfield>
    </datafield>
    <datafield tag="500" ind1=" " ind2=" ">
      <subfield code="a">Opera aria.</subfield>
    </datafield>
    <datafield tag="511" ind1="0" ind2=" ">
      <subfield code="a">I.S. Kozlovskii&#x306;, [tenor] ; Ork[estr] Mosk. Gosfilarmonii ; A.I. Orlov, conductor.</subfield>
    </datafield>
    <datafield tag="500" ind1=" " ind2=" ">
      <subfield code="a">"NKOM SSSR."</subfield>
    </datafield>
    <datafield tag="541" ind1=" " ind2=" ">
      <subfield code="a">From the Library of Congress Berger Collection.</subfield>
    </datafield>
    <datafield tag="650" ind1=" " ind2="0">
      <subfield code="a">Operas</subfield>
      <subfield code="x">Excerpts.</subfield>
    </datafield>
    <datafield tag="700" ind1="1" ind2=" ">
      <subfield code="a">Kozlovs&#x2B9;kyi&#x306;, Ivan Semenovych,</subfield>
      <subfield code="d">1900-1993.</subfield>
      <subfield code="4">prf</subfield>
    </datafield>
    <datafield tag="700" ind1="1" ind2=" ">
      <subfield code="a">Orlov, A. I.</subfield>
      <subfield code="q">(Aleksandr Ivanovich),</subfield>
      <subfield code="d">1873-1948</subfield>
      <subfield code="4">cnd</subfield>
    </datafield>
    <datafield tag="710" ind1="2" ind2=" ">
      <subfield code="a">Moskovskai&#x361;a gosudarstvennai&#x361;a filarmonii&#x361;a.</subfield>
      <subfield code="b">Simfonicheskii&#x306; orkestr.</subfield>
      <subfield code="4">prf</subfield>
    </datafield>
    <datafield tag="710" ind1="2" ind2=" ">
      <subfield code="a">Berger Collection (Library of Congress)</subfield>
      <subfield code="5">DLC</subfield>
    </datafield>
    <datafield tag="953" ind1=" " ind2=" ">
      <subfield code="a">TA28</subfield>
    </datafield>
    <datafield tag="991" ind1=" " ind2=" ">
      <subfield code="b">c-RecSound</subfield>
      <subfield code="h">Aprelevskii&#x306; zavod pami&#x361;ati 1905 g. 9162V--9163V</subfield>
      <subfield code="w">MUSIC</subfield>
    </datafield>
  </record>