
  <record xmlns="http://www.loc.gov/MARC21/slim">
    <leader>01100cam a22002891  4500</leader>
    <controlfield tag="001">7730987</controlfield>
    <controlfield tag="005">20001124181018.0</controlfield>
    <controlfield tag="008">770804s1903    gw            000 0 ger  </controlfield>
    <datafield tag="035" ind1=" " ind2=" ">
      <subfield code="9">(DLC)   04004851</subfield>
    </datafield>
    <datafield tag="906" ind1=" " ind2=" ">
      <subfield code="a">7</subfield>
      <subfield code="b">cbc</subfield>
      <subfield code="c">oclcrpl</subfield>
      <subfield code="d">u</subfield>
      <subfield code="e">ncip</subfield>
      <subfield code="f">19</subfield>
      <subfield code="g">y-gencatlg</subfield>
    </datafield>
    <datafield tag="010" ind1=" " ind2=" ">
      <subfield code="a">   04004851 </subfield>
    </datafield>
    <datafield tag="035" ind1=" " ind2=" ">
      <subfield code="a">(OCoLC)3161262</subfield>
    </datafield>
    <datafield tag="040" ind1=" " ind2=" ">
      <subfield code="a">DLC</subfield>
      <subfield code="c">MBU</subfield>
      <subfield code="d">MBU</subfield>
      <subfield code="d">DLC</subfield>
    </datafield>
    <datafield tag="050" ind1="0" ind2="0">
      <subfield code="a">ML1733.2</subfield>
      <subfield code="b">.H59</subfield>
    </datafield>
    <datafield tag="100" ind1="1" ind2=" ">
      <subfield code="a">Heuss, Alfred,</subfield>
      <subfield code="d">1877-1934.</subfield>
    </datafield>
    <datafield tag="245" ind1="1" ind2="4">
      <subfield code="a">Die Instrumental-Stu&#x308;cke des "Orfeo" und die venetianischen Opern-Sinfonien.</subfield>
    </datafield>
    <datafield tag="260" ind1=" " ind2=" ">
      <subfield code="a">Leipzig,</subfield>
      <subfield code="b">Druck von Breitkopf &amp; Ha&#x308;rtel,</subfield>
      <subfield code="c">1903.</subfield>
    </datafield>
    <datafield tag="300" ind1=" " ind2=" ">
      <subfield code="a">4 p. l., 125 p.</subfield>
      <subfield code="c">23 cm.</subfield>
    </datafield>
    <datafield tag="502" ind1=" " ind2=" ">
      <subfield code="a">Inaug.-diss.--Leipzig.</subfield>
    </datafield>
    <datafield tag="500" ind1=" " ind2=" ">
      <subfield code="a">"Literatur": verso of 3d p. l.</subfield>
    </datafield>
    <datafield tag="500" ind1=" " ind2=" ">
      <subfield code="a">Lebenslauf.</subfield>
    </datafield>
    <datafield tag="500" ind1=" " ind2=" ">
      <subfield code="a">"Beide Teile der Arbeit sind als selbsta&#x308;ndige Abhandlungen in den Sammelba&#x308;nden der Internationalen Musikgesellschaft (IV. 2, 3) erschienen."--Pref.</subfield>
    </datafield>
    <datafield tag="600" ind1="1" ind2="0">
      <subfield code="a">Monteverdi, Claudio,</subfield>
      <subfield code="d">1567-1643.</subfield>
      <subfield code="t">Orfeo.</subfield>
    </datafield>
    <datafield tag="650" ind1=" " ind2="0">
      <subfield code="a">Opera</subfield>
      <subfield code="z">Italy</subfield>
      <subfield code="z">Venice.</subfield>
    </datafield>
    <datafield tag="650" ind1=" " ind2="0">
      <subfield code="a">Instrumental music</subfield>
      <subfield code="z">Italy</subfield>
      <subfield code="z">Venice.</subfield>
    </datafield>
    <datafield tag="985" ind1=" " ind2=" ">
      <subfield code="e">OCLC REPLACEMENT</subfield>
    </datafield>
    <datafield tag="991" ind1=" " ind2=" ">
      <subfield code="b">c-Music</subfield>
      <subfield code="h">ML1733.2</subfield>
      <subfield code="i">.H59</subfield>
      <subfield code="t">Copy 1</subfield>
      <subfield code="w">OCLCREP</subfield>
    </datafield>
  </record>