
  <record xmlns="http://www.loc.gov/MARC21/slim">
    <leader>01131cam a2200277u  4500</leader>
    <controlfield tag="001">10439017</controlfield>
    <controlfield tag="005">20050706181204.0</controlfield>
    <controlfield tag="008">860610n        xx            000 0 eng  </controlfield>
    <datafield tag="035" ind1=" " ind2=" ">
      <subfield code="9">(DLC)   76750452</subfield>
    </datafield>
    <datafield tag="906" ind1=" " ind2=" ">
      <subfield code="a">0</subfield>
      <subfield code="b">cbc</subfield>
      <subfield code="c">premunv</subfield>
      <subfield code="d">u</subfield>
      <subfield code="e">ncip</subfield>
      <subfield code="f">19</subfield>
      <subfield code="g">y-gencatlg</subfield>
    </datafield>
    <datafield tag="010" ind1=" " ind2=" ">
      <subfield code="a">   76750452 </subfield>
    </datafield>
    <datafield tag="040" ind1=" " ind2=" ">
      <subfield code="a">DLC</subfield>
      <subfield code="c">CarP</subfield>
      <subfield code="d">DLC</subfield>
    </datafield>
    <datafield tag="100" ind1="1" ind2=" ">
      <subfield code="a">Gluck, Christoph Willibald,</subfield>
      <subfield code="c">Ritter von,</subfield>
      <subfield code="d">1714-1787. [from old catalog]</subfield>
    </datafield>
    <datafield tag="240" ind1="0" ind2="0">
      <subfield code="a">Orfeo ed Euridice. Selections. [from old catalog]</subfield>
    </datafield>
    <datafield tag="245" ind1="1" ind2="0">
      <subfield code="a">Orfeo ed Euridice [Sound recording] (complete orchestral music).</subfield>
    </datafield>
    <datafield tag="260" ind1=" " ind2=" ">
      <subfield code="a">[n.p.]</subfield>
      <subfield code="b">RCA Victrola VICS 1435. [1969]</subfield>
    </datafield>
    <datafield tag="300" ind1=" " ind2=" ">
      <subfield code="a">p. 2 s. 12 in. 33 1/3 rpm. microgroove. stereophonic.</subfield>
    </datafield>
    <datafield tag="500" ind1=" " ind2=" ">
      <subfield code="a">Rome Opera House Orchestra; Pierre Monteux, conductor.</subfield>
    </datafield>
    <datafield tag="500" ind1=" " ind2=" ">
      <subfield code="a">Recorded June 1957.</subfield>
    </datafield>
    <datafield tag="500" ind1=" " ind2=" ">
      <subfield code="a">Playable also on monaural equipment.</subfield>
    </datafield>
    <datafield tag="500" ind1=" " ind2=" ">
      <subfield code="a">Program notes on slipcase.</subfield>
    </datafield>
    <datafield tag="650" ind1=" " ind2="0">
      <subfield code="a">Operas</subfield>
      <subfield code="y">To 1800</subfield>
      <subfield code="v">Excerpts.</subfield>
    </datafield>
    <datafield tag="650" ind1=" " ind2="0">
      <subfield code="a">Orchestral music</subfield>
      <subfield code="x">To 1800. [from old catalog]</subfield>
    </datafield>
    <datafield tag="650" ind1=" " ind2="0">
      <subfield code="a">Orpheus (Greek mythology)</subfield>
      <subfield code="v">Songs and music.</subfield>
    </datafield>
    <datafield tag="700" ind1="1" ind2=" ">
      <subfield code="a">Monteux, Pierre,</subfield>
      <subfield code="d">1875-1964. [from old catalog]</subfield>
    </datafield>
    <datafield tag="710" ind1="2" ind2=" ">
      <subfield code="a">Teatro dell'opera (Rome, Italy).</subfield>
      <subfield code="b">Orchestra</subfield>
    </datafield>
  </record>