
  <record xmlns="http://www.loc.gov/MARC21/slim">
    <leader>01464cjm a22003612a 4500</leader>
    <controlfield tag="001">13309275</controlfield>
    <controlfield tag="005">20040123151544.0</controlfield>
    <controlfield tag="007">sd fsngnnmmned</controlfield>
    <controlfield tag="008">030812s1994    nmujzn                  d</controlfield>
    <datafield tag="028" ind1="0" ind2="2">
      <subfield code="a">KOKO 1299</subfield>
      <subfield code="b">Kokopelli Records</subfield>
    </datafield>
    <datafield tag="035" ind1=" " ind2=" ">
      <subfield code="a">(DLC)   2003610636</subfield>
    </datafield>
    <datafield tag="040" ind1=" " ind2=" ">
      <subfield code="a">JQJ</subfield>
      <subfield code="c">JQJ</subfield>
      <subfield code="d">OCLCQ</subfield>
      <subfield code="d">DLC</subfield>
    </datafield>
    <datafield tag="028" ind1="0" ind2="0">
      <subfield code="a">KOKO 1299</subfield>
      <subfield code="b">Kokopelli Records</subfield>
    </datafield>
    <datafield tag="035" ind1=" " ind2=" ">
      <subfield code="a">(OCoLC)ocm35297382</subfield>
    </datafield>
    <datafield tag="024" ind1="1" ind2=" ">
      <subfield code="a">794044129925</subfield>
    </datafield>
    <datafield tag="010" ind1=" " ind2=" ">
      <subfield code="a">  2003610636</subfield>
    </datafield>
    <datafield tag="042" ind1=" " ind2=" ">
      <subfield code="a">lcderive</subfield>
    </datafield>
    <datafield tag="050" ind1="0" ind2="0">
      <subfield code="a">SDA 73658</subfield>
    </datafield>
    <datafield tag="110" ind1="2" ind2=" ">
      <subfield code="a">Trio da Paz.</subfield>
      <subfield code="4">prf</subfield>
    </datafield>
    <datafield tag="245" ind1="1" ind2="0">
      <subfield code="a">Black Orpheus</subfield>
      <subfield code="h">[sound recording] /</subfield>
      <subfield code="c">Trio da Paz</subfield>
    </datafield>
    <datafield tag="260" ind1=" " ind2=" ">
      <subfield code="a">Santa Fe, N.M. :</subfield>
      <subfield code="b">Kokopelli Records,</subfield>
      <subfield code="c">p1994.</subfield>
    </datafield>
    <datafield tag="300" ind1=" " ind2=" ">
      <subfield code="a">1 sound disc (ca. 55 min.) :</subfield>
      <subfield code="b">digital, stereo. ;</subfield>
      <subfield code="c">4 3/4 in.</subfield>
    </datafield>
    <datafield tag="500" ind1=" " ind2=" ">
      <subfield code="a">Compact disc.</subfield>
    </datafield>
    <datafield tag="505" ind1="0" ind2=" ">
      <subfield code="a">A felicidade -- Frevo -- A felicidade -- Manha de Carnaval -- O nosso amor -- Chao de estrelas -- Samba de Orfeo -- Dona Maria -- A felicidade -- Manha de Carnaval -- Namacumba -- Hugs &amp; kisses -- Samba de Orfeo.</subfield>
    </datafield>
    <datafield tag="508" ind1=" " ind2=" ">
      <subfield code="a">Produced by Herbie Mann.</subfield>
    </datafield>
    <datafield tag="511" ind1="0" ind2=" ">
      <subfield code="a">Trio da Paz (Romero Lubambo, guitars ; Nilson Matta, bass ; Duduka Da Fonseca, percussion) ; with accompaniying musicians.</subfield>
    </datafield>
    <datafield tag="518" ind1=" " ind2=" ">
      <subfield code="a">Recorded at Studio 900, New York City, June 15-22, 1994.</subfield>
    </datafield>
    <datafield tag="650" ind1=" " ind2="0">
      <subfield code="a">Jazz</subfield>
      <subfield code="z">Brazil</subfield>
      <subfield code="y">1991-2000.</subfield>
    </datafield>
    <datafield tag="906" ind1=" " ind2=" ">
      <subfield code="a">7</subfield>
      <subfield code="b">cbc</subfield>
      <subfield code="c">copycat</subfield>
      <subfield code="d">3</subfield>
      <subfield code="e">ncip</subfield>
      <subfield code="f">20</subfield>
      <subfield code="g">y-genmusic</subfield>
    </datafield>
    <datafield tag="925" ind1="0" ind2=" ">
      <subfield code="a">acquire</subfield>
      <subfield code="b">2 copies</subfield>
      <subfield code="x">policy default</subfield>
    </datafield>
    <datafield tag="952" ind1=" " ind2=" ">
      <subfield code="a">muzerec</subfield>
    </datafield>
    <datafield tag="955" ind1=" " ind2=" ">
      <subfield code="a">vn17 2003-08-12 to MBRS/RS</subfield>
    </datafield>
    <datafield tag="985" ind1=" " ind2=" ">
      <subfield code="c">OCLC</subfield>
      <subfield code="e">srreplace 2003-09</subfield>
    </datafield>
  </record>