
  <record xmlns="http://www.loc.gov/MARC21/slim">
    <leader>01834cam a22004214a 4500</leader>
    <controlfield tag="001">13894739</controlfield>
    <controlfield tag="005">20050722092729.0</controlfield>
    <controlfield tag="008">050107s2003    bl a     bc   000 0 por d</controlfield>
    <datafield tag="035" ind1=" " ind2=" ">
      <subfield code="a">(DLCov)  2005343038</subfield>
    </datafield>
    <datafield tag="906" ind1=" " ind2=" ">
      <subfield code="a">7</subfield>
      <subfield code="b">cbc</subfield>
      <subfield code="c">copycat</subfield>
      <subfield code="d">2</subfield>
      <subfield code="e">ncip</subfield>
      <subfield code="f">20</subfield>
      <subfield code="g">y-gencatlg</subfield>
    </datafield>
    <datafield tag="925" ind1="0" ind2=" ">
      <subfield code="a">acquire</subfield>
      <subfield code="b">1 shelf copy</subfield>
      <subfield code="x">policy default</subfield>
    </datafield>
    <datafield tag="955" ind1=" " ind2=" ">
      <subfield code="a">wr08 01/07/2005 z-processor; desc</subfield>
      <subfield code="d">jh34 2005-04-13 to SL</subfield>
      <subfield code="e">jh34 2005-04-13 to BCCD</subfield>
    </datafield>
    <datafield tag="010" ind1=" " ind2=" ">
      <subfield code="a">  2005343038</subfield>
    </datafield>
    <datafield tag="020" ind1=" " ind2=" ">
      <subfield code="a">8589719014</subfield>
    </datafield>
    <datafield tag="035" ind1=" " ind2=" ">
      <subfield code="a">(OCoLC)ocm53464564</subfield>
    </datafield>
    <datafield tag="040" ind1=" " ind2=" ">
      <subfield code="a">SMI</subfield>
      <subfield code="c">SMI</subfield>
      <subfield code="d">DLC</subfield>
    </datafield>
    <datafield tag="041" ind1="0" ind2=" ">
      <subfield code="a">por</subfield>
      <subfield code="a">eng</subfield>
    </datafield>
    <datafield tag="042" ind1=" " ind2=" ">
      <subfield code="a">lccopycat</subfield>
    </datafield>
    <datafield tag="043" ind1=" " ind2=" ">
      <subfield code="a">s-bl---</subfield>
    </datafield>
    <datafield tag="050" ind1="0" ind2="0">
      <subfield code="a">N6655</subfield>
      <subfield code="b">.C6555 2003</subfield>
    </datafield>
    <datafield tag="245" ind1="0" ind2="0">
      <subfield code="a">Colec&#x327;a&#x303;o Nemirovsky /</subfield>
      <subfield code="c">coordenac&#x327;a&#x303;o editorial, Maria Alice Milliet ; textos de Maria Alice Milliet ... [et al.] ; pesquisa, Aida Cordeiro = Nemirovsky collection / edit by Maria Alice Milliet ; texts by Maria Alice Milliet ... [et al.] ; research, Aida Cordeiro.</subfield>
    </datafield>
    <datafield tag="246" ind1="3" ind2="1">
      <subfield code="a">Nemirovsky collection</subfield>
    </datafield>
    <datafield tag="260" ind1=" " ind2=" ">
      <subfield code="a">[Sa&#x303;o Paulo, Brazil] :</subfield>
      <subfield code="b">Museu de Arte Moderna de Sa&#x303;o Paulo :</subfield>
      <subfield code="b">Fundac&#x327;a&#x303;o Jose&#x301; e Paulina Nemirovsky,</subfield>
      <subfield code="c">[2003?]</subfield>
    </datafield>
    <datafield tag="300" ind1=" " ind2=" ">
      <subfield code="a">323 p. :</subfield>
      <subfield code="b">ill. (chiefly col.) ;</subfield>
      <subfield code="c">30 cm.</subfield>
    </datafield>
    <datafield tag="546" ind1=" " ind2=" ">
      <subfield code="a">Portuguese and English.</subfield>
    </datafield>
    <datafield tag="500" ind1=" " ind2=" ">
      <subfield code="a">Exhibition catalog.</subfield>
    </datafield>
    <datafield tag="504" ind1=" " ind2=" ">
      <subfield code="a">"List of works and selected bibliography": p. [301]-321.</subfield>
    </datafield>
    <datafield tag="650" ind1=" " ind2="0">
      <subfield code="a">Art, Brazilian</subfield>
      <subfield code="y">20th century</subfield>
      <subfield code="v">Exhibitions.</subfield>
    </datafield>
    <datafield tag="600" ind1="1" ind2="0">
      <subfield code="a">Nemirovsky, Jose&#x301;</subfield>
      <subfield code="x">Art collections</subfield>
      <subfield code="v">Exhibitions.</subfield>
    </datafield>
    <datafield tag="600" ind1="1" ind2="0">
      <subfield code="a">Nemirovsky, Paulina</subfield>
      <subfield code="x">Art collections</subfield>
      <subfield code="v">Exhibitions.</subfield>
    </datafield>
    <datafield tag="610" ind1="2" ind2="0">
      <subfield code="a">Fundac&#x327;a&#x303;o Jose&#x301; e Paulina Nemirovsky</subfield>
      <subfield code="v">Exhibitions.</subfield>
    </datafield>
    <datafield tag="650" ind1=" " ind2="0">
      <subfield code="a">Art</subfield>
      <subfield code="x">Private collections</subfield>
      <subfield code="z">Brazil</subfield>
      <subfield code="z">Sa&#x303;o Paulo</subfield>
      <subfield code="v">Exhibitions.</subfield>
    </datafield>
    <datafield tag="700" ind1="1" ind2=" ">
      <subfield code="a">Milliet, Maria Alice.</subfield>
    </datafield>
    <datafield tag="700" ind1="1" ind2=" ">
      <subfield code="a">Cordeiro, Aida.</subfield>
    </datafield>
    <datafield tag="710" ind1="2" ind2=" ">
      <subfield code="a">Museu de Arte Moderna de Sa&#x303;o Paulo.</subfield>
    </datafield>
    <datafield tag="710" ind1="2" ind2=" ">
      <subfield code="a">Fundac&#x327;a&#x303;o Jose&#x301; e Paulina Nemirovsky.</subfield>
    </datafield>
    <datafield tag="985" ind1=" " ind2=" ">
      <subfield code="e">ODE-rj</subfield>
    </datafield>
    <datafield tag="991" ind1=" " ind2=" ">
      <subfield code="b">c-GenColl</subfield>
      <subfield code="o">am</subfield>
      <subfield code="p">00107692083</subfield>
    </datafield>
  </record>