
  <record xmlns="http://www.loc.gov/MARC21/slim">
    <leader>02558cam a22003618a 4500</leader>
    <controlfield tag="001">14256438</controlfield>
    <controlfield tag="005">20060314121815.0</controlfield>
    <controlfield tag="008">060207s2006    nyu      b    001 0 eng  </controlfield>
    <datafield tag="906" ind1=" " ind2=" ">
      <subfield code="a">7</subfield>
      <subfield code="b">rix</subfield>
      <subfield code="c">orignew</subfield>
      <subfield code="d">1</subfield>
      <subfield code="e">ecip</subfield>
      <subfield code="f">20</subfield>
      <subfield code="g">y-gencatlg</subfield>
    </datafield>
    <datafield tag="925" ind1="0" ind2=" ">
      <subfield code="a">acquire</subfield>
      <subfield code="b">2 shelf copies</subfield>
      <subfield code="x">policy default</subfield>
    </datafield>
    <datafield tag="955" ind1=" " ind2=" ">
      <subfield code="a">sf09 2006-02-07</subfield>
      <subfield code="i">sf09 2006-02-07</subfield>
      <subfield code="a">aa20 2006-02-09</subfield>
    </datafield>
    <datafield tag="010" ind1=" " ind2=" ">
      <subfield code="a">  2006004307</subfield>
    </datafield>
    <datafield tag="020" ind1=" " ind2=" ">
      <subfield code="a">9780814727355 (cloth)</subfield>
    </datafield>
    <datafield tag="020" ind1=" " ind2=" ">
      <subfield code="a">0814727352 (cloth)</subfield>
    </datafield>
    <datafield tag="020" ind1=" " ind2=" ">
      <subfield code="a">9780814727362 (pbk.)</subfield>
    </datafield>
    <datafield tag="020" ind1=" " ind2=" ">
      <subfield code="a">0814727360 (pbk.)</subfield>
    </datafield>
    <datafield tag="040" ind1=" " ind2=" ">
      <subfield code="a">DLC</subfield>
      <subfield code="c">DLC</subfield>
      <subfield code="d">DLC</subfield>
    </datafield>
    <datafield tag="042" ind1=" " ind2=" ">
      <subfield code="a">pcc</subfield>
    </datafield>
    <datafield tag="050" ind1="0" ind2="0">
      <subfield code="a">HQ1111</subfield>
      <subfield code="b">.G56 2006</subfield>
    </datafield>
    <datafield tag="082" ind1="0" ind2="0">
      <subfield code="a">305.42</subfield>
      <subfield code="2">22</subfield>
    </datafield>
    <datafield tag="245" ind1="0" ind2="0">
      <subfield code="a">Global feminism :</subfield>
      <subfield code="b">transnational women's activism, organizing, and human rights /</subfield>
      <subfield code="c">edited by Myra Marx Ferree and Aili Mari Tripp.</subfield>
    </datafield>
    <datafield tag="260" ind1=" " ind2=" ">
      <subfield code="a">New York :</subfield>
      <subfield code="b">New York University Press,</subfield>
      <subfield code="c">c2006.</subfield>
    </datafield>
    <datafield tag="263" ind1=" " ind2=" ">
      <subfield code="a">0607</subfield>
    </datafield>
    <datafield tag="300" ind1=" " ind2=" ">
      <subfield code="a">p. cm.</subfield>
    </datafield>
    <datafield tag="504" ind1=" " ind2=" ">
      <subfield code="a">Includes bibliographical references and index.</subfield>
    </datafield>
    <datafield tag="505" ind1="0" ind2=" ">
      <subfield code="a">Globalization and feminism : opportunities and obstacles for activism in the global arena / Myra Marx Ferree -- Unlikely godmother : the UN and the global women's movement / Margaret Snyder -- The evolution of transnational feminisms : consensus, conflict, and new dynamics / Aili Mari Tripp -- Turkey's modern paradoxes : identity politics, women's agency, and universal rights / Yakin Ertu&#x308;rk -- Working women of the world unite : labor organizing and transnational gender solidarity among domestic workers in Hong Kong / Sarah Swider -- Women's organizing in post-Yugoslav countries : talking about "donors" / Aida Bagi -- Women as agents for development : learning from the experiences of women in Finland / Hilkka Pietila&#x308; -- Regional women's activism : African women's networks and the African Union / Melinda Adams -- Measuring feminist mobilization : cross-national convergences and transnational networks in Western Europe / Dorothy E. McBride and Amy G. Mazur -- Transnational feminist NGOs on the Web : networks and identities in the global North and South / Myra Marx Ferree and Tetyana Pudrovska -- Human/women's rights and feminist transversal politics / Nira Yuval-Davis -- Challenges in transnational feminist mobilization / Aili Mari Tripp.</subfield>
    </datafield>
    <datafield tag="650" ind1=" " ind2="0">
      <subfield code="a">Feminism.</subfield>
    </datafield>
    <datafield tag="650" ind1=" " ind2="0">
      <subfield code="a">Feminism</subfield>
      <subfield code="x">International cooperation.</subfield>
    </datafield>
    <datafield tag="650" ind1=" " ind2="0">
      <subfield code="a">Transnationalism.</subfield>
    </datafield>
    <datafield tag="700" ind1="1" ind2=" ">
      <subfield code="a">Ferree, Myra Marx.</subfield>
    </datafield>
    <datafield tag="700" ind1="1" ind2=" ">
      <subfield code="a">Tripp, Aili Mari.</subfield>
    </datafield>
    <datafield tag="856" ind1="4" ind2="1">
      <subfield code="3">Table of contents</subfield>
      <subfield code="u">http://www.loc.gov/catdir/toc/ecip068/2006004307.html</subfield>
    </datafield>
    <datafield tag="963" ind1=" " ind2=" ">
      <subfield code="a">Nicholas Taylor; phone: 212-992 9998; email: npt203@nyu.edu; bc: despina.gimbel@nyu.edu</subfield>
    </datafield>
  </record>