
  <record xmlns="http://www.loc.gov/MARC21/slim">
    <leader>01558cam a2200373 a 4500</leader>
    <controlfield tag="001">2426846</controlfield>
    <controlfield tag="005">19920903135933.0</controlfield>
    <controlfield tag="008">870403s1986    bl            100 0 por  </controlfield>
    <datafield tag="035" ind1=" " ind2=" ">
      <subfield code="9">(DLC)   87128701</subfield>
    </datafield>
    <datafield tag="906" ind1=" " ind2=" ">
      <subfield code="a">7</subfield>
      <subfield code="b">cbc</subfield>
      <subfield code="c">orignew</subfield>
      <subfield code="d">2</subfield>
      <subfield code="e">ncip</subfield>
      <subfield code="f">19</subfield>
      <subfield code="g">y-gencatlg</subfield>
    </datafield>
    <datafield tag="010" ind1=" " ind2=" ">
      <subfield code="a">   87128701 </subfield>
    </datafield>
    <datafield tag="020" ind1=" " ind2=" ">
      <subfield code="c">Cz$30.00</subfield>
    </datafield>
    <datafield tag="040" ind1=" " ind2=" ">
      <subfield code="a">DLC</subfield>
      <subfield code="c">DLC</subfield>
      <subfield code="d">DLC</subfield>
    </datafield>
    <datafield tag="043" ind1=" " ind2=" ">
      <subfield code="a">s-bl---</subfield>
    </datafield>
    <datafield tag="050" ind1="0" ind2="0">
      <subfield code="a">LC5163.B7</subfield>
      <subfield code="b">M42 1986</subfield>
    </datafield>
    <datafield tag="082" ind1="0" ind2="0">
      <subfield code="a">370.19/4/0981</subfield>
      <subfield code="2">19</subfield>
    </datafield>
    <datafield tag="245" ind1="0" ind2="0">
      <subfield code="a">MEB, uma histo&#x301;ria de muitos /</subfield>
      <subfield code="c">organizac&#x327;a&#x303;o, NOVA ; [organizadoras, Maria Ai&#x301;da B. Costa, Vera Jaccoud, Beatriz Costa].</subfield>
    </datafield>
    <datafield tag="260" ind1=" " ind2=" ">
      <subfield code="a">Petro&#x301;polis :</subfield>
      <subfield code="b">Editora Vozes ;</subfield>
      <subfield code="a">Rio de Janeiro, RJ, Brasil :</subfield>
      <subfield code="b">NOVA--Pesquisa, Assessoramento e Avaliac&#x327;a&#x303;o em Educac&#x327;a&#x303;o,</subfield>
      <subfield code="c">1986.</subfield>
    </datafield>
    <datafield tag="300" ind1=" " ind2=" ">
      <subfield code="a">125 p. ;</subfield>
      <subfield code="c">23 cm.</subfield>
    </datafield>
    <datafield tag="440" ind1=" " ind2="0">
      <subfield code="a">Cadernos de educac&#x327;a&#x303;o popular ;</subfield>
      <subfield code="v">10</subfield>
    </datafield>
    <datafield tag="500" ind1=" " ind2=" ">
      <subfield code="a">Debates by representatives of Movimento de Educac&#x327;a&#x303;o de Base, 1961-1966, sponsored by NOVA in Aug. 1985.</subfield>
    </datafield>
    <datafield tag="650" ind1=" " ind2="0">
      <subfield code="a">Fundamental education</subfield>
      <subfield code="z">Brazil</subfield>
      <subfield code="x">Congresses.</subfield>
    </datafield>
    <datafield tag="650" ind1=" " ind2="0">
      <subfield code="a">Popular education</subfield>
      <subfield code="z">Brazil</subfield>
      <subfield code="x">Congresses.</subfield>
    </datafield>
    <datafield tag="650" ind1=" " ind2="0">
      <subfield code="a">Radio in education</subfield>
      <subfield code="z">Brazil</subfield>
      <subfield code="x">Congresses.</subfield>
    </datafield>
    <datafield tag="610" ind1="2" ind2="0">
      <subfield code="a">Movimento de Educac&#x327;a&#x303;o de Base (Brazil)</subfield>
      <subfield code="x">Congresses.</subfield>
    </datafield>
    <datafield tag="700" ind1="1" ind2=" ">
      <subfield code="a">Costa, Maria Ai&#x301;da B.</subfield>
      <subfield code="q">(Maria Ai&#x301;da Bezerra)</subfield>
    </datafield>
    <datafield tag="700" ind1="1" ind2=" ">
      <subfield code="a">Jaccoud, Vera.</subfield>
    </datafield>
    <datafield tag="700" ind1="1" ind2=" ">
      <subfield code="a">Costa, Beatriz B.</subfield>
    </datafield>
    <datafield tag="710" ind1="2" ind2=" ">
      <subfield code="a">Movimento de Educac&#x327;a&#x303;o de Base (Brazil)</subfield>
    </datafield>
    <datafield tag="710" ind1="2" ind2=" ">
      <subfield code="a">NOVA (Organization)</subfield>
    </datafield>
    <datafield tag="952" ind1=" " ind2=" ">
      <subfield code="a">SOURCE:ap</subfield>
    </datafield>
    <datafield tag="952" ind1=" " ind2=" ">
      <subfield code="a">unbound</subfield>
    </datafield>
    <datafield tag="952" ind1=" " ind2=" ">
      <subfield code="a">bv31/bv04 to SCD 06-03-87;fh02 06-05-87/fh01 06-05-87; fl35 06-15-87; aa04 07-17-87</subfield>
    </datafield>
    <datafield tag="991" ind1=" " ind2=" ">
      <subfield code="b">c-GenColl</subfield>
      <subfield code="h">LC5163.B7</subfield>
      <subfield code="i">M42 1986</subfield>
      <subfield code="t">Copy 1</subfield>
      <subfield code="w">BOOKS</subfield>
    </datafield>
  </record>