
  <record xmlns="http://www.loc.gov/MARC21/slim">
    <leader>02131njm a22003857a 4500</leader>
    <controlfield tag="001">5616248</controlfield>
    <controlfield tag="005">19890523000000.0</controlfield>
    <controlfield tag="007">sdubmmennmplu</controlfield>
    <controlfield tag="008">890421q19811986it opn              ita  </controlfield>
    <datafield tag="035" ind1=" " ind2=" ">
      <subfield code="9">(DLC)   89751890</subfield>
    </datafield>
    <datafield tag="906" ind1=" " ind2=" ">
      <subfield code="a">7</subfield>
      <subfield code="b">cbc</subfield>
      <subfield code="c">orignew</subfield>
      <subfield code="d">5</subfield>
      <subfield code="e">ncip</subfield>
      <subfield code="f">19</subfield>
      <subfield code="g">y-genmusic</subfield>
    </datafield>
    <datafield tag="010" ind1=" " ind2=" ">
      <subfield code="a">   89751890 </subfield>
    </datafield>
    <datafield tag="028" ind1="0" ind2="2">
      <subfield code="a">GB 1032</subfield>
      <subfield code="b">Bongiovanni</subfield>
    </datafield>
    <datafield tag="040" ind1=" " ind2=" ">
      <subfield code="a">DLC</subfield>
      <subfield code="c">DLC</subfield>
      <subfield code="d">DLC</subfield>
    </datafield>
    <datafield tag="043" ind1=" " ind2=" ">
      <subfield code="a">e-it---</subfield>
    </datafield>
    <datafield tag="050" ind1="0" ind2="0">
      <subfield code="a">Bongiovanni GB 1032 </subfield>
    </datafield>
    <datafield tag="245" ind1="0" ind2="3">
      <subfield code="a">Le Voci modenesi</subfield>
      <subfield code="h">[sound recording].</subfield>
    </datafield>
    <datafield tag="260" ind1=" " ind2=" ">
      <subfield code="a">Bolgna, Italia :</subfield>
      <subfield code="b">Bongiovanni ;</subfield>
      <subfield code="a">N[ew] Y[ork] :</subfield>
      <subfield code="b">Distributed by Qualiton Imports,</subfield>
      <subfield code="c">[between 1981 and 1986]</subfield>
    </datafield>
    <datafield tag="300" ind1=" " ind2=" ">
      <subfield code="a">1 sound disc :</subfield>
      <subfield code="b">analog, 33 1/3 rpm ;</subfield>
      <subfield code="c">12 in.</subfield>
    </datafield>
    <datafield tag="440" ind1=" " ind2="3">
      <subfield code="a">Il Mito dell'opera</subfield>
    </datafield>
    <datafield tag="511" ind1="0" ind2=" ">
      <subfield code="a">Teresina Chelotti, soprano (1st-3rd works) ; Aristide Anceschi, baritone (4th work) ; Valentina Bartolomasi, soprano (5th-7th works) ; Bruno Garbi, tenor (8th-10th works) ; Teresina Burchi, soprano (11th-12th works) ; Pietro Medici, tenor (13th-14th works) ; Fernando Pavarotti, tenor (15th work) ; others ; with piano or (principally) orchestra.</subfield>
    </datafield>
    <datafield tag="518" ind1=" " ind2=" ">
      <subfield code="a">Recorded 1907-1981.</subfield>
    </datafield>
    <datafield tag="505" ind1="0" ind2=" ">
      <subfield code="a">Il trovatore. Tacea la notte / Verdi -- Il trovatore. D'amor sill'ali / Verdi -- Aida. Ciel! Mio padre / Verdi -- La Wally. Ebben, ne andro&#x300; lontana / Catalani -- Tosca. Vissi d'arte / Puccini -- Isabeau. Venne una vecchierella / Mascagni -- Chi e&#x300; piu&#x300; felice di me? / C.A. Bixio -- Io e la luna / Cherubini-Bixio -- Passione argentina / Martelli-Neri-Vasin -- Norma. Casta diva / Bellini -- La Gioconda. Suicidio / Ponchielli -- Rosariolita / Sergio Brugnoli -- Desiderio / Sergio Brugnoli -- Caro mio ben / Giordani.</subfield>
    </datafield>
    <datafield tag="500" ind1=" " ind2=" ">
      <subfield code="a">Minimal level cataloging.</subfield>
    </datafield>
    <datafield tag="650" ind1=" " ind2="0">
      <subfield code="a">Operas</subfield>
      <subfield code="x">Excerpts.</subfield>
    </datafield>
    <datafield tag="650" ind1=" " ind2="0">
      <subfield code="a">Popular music</subfield>
      <subfield code="z">Italy.</subfield>
    </datafield>
    <datafield tag="700" ind1="1" ind2=" ">
      <subfield code="a">Chelotti, Teresina,</subfield>
      <subfield code="d">1861-1927.</subfield>
      <subfield code="4">prf</subfield>
    </datafield>
    <datafield tag="700" ind1="1" ind2=" ">
      <subfield code="a">Anceschi, Aristide,</subfield>
      <subfield code="d">1866-1938.</subfield>
      <subfield code="4">prf</subfield>
    </datafield>
    <datafield tag="700" ind1="1" ind2=" ">
      <subfield code="a">Bartolomasi, Valentina.</subfield>
      <subfield code="4">prf</subfield>
    </datafield>
    <datafield tag="700" ind1="1" ind2=" ">
      <subfield code="a">Garbi, Bruno,</subfield>
      <subfield code="d">1904- </subfield>
      <subfield code="4">prf</subfield>
    </datafield>
    <datafield tag="700" ind1="1" ind2=" ">
      <subfield code="a">Burchi, Teresina,</subfield>
      <subfield code="d">1877-1963.</subfield>
      <subfield code="4">prf</subfield>
    </datafield>
    <datafield tag="700" ind1="1" ind2=" ">
      <subfield code="a">Medici, Pietro,</subfield>
      <subfield code="d">1914- </subfield>
      <subfield code="4">prf</subfield>
    </datafield>
    <datafield tag="700" ind1="1" ind2=" ">
      <subfield code="a">Pavarotti, Fernando.</subfield>
      <subfield code="4">prf</subfield>
    </datafield>
    <datafield tag="953" ind1=" " ind2=" ">
      <subfield code="a">TA28</subfield>
    </datafield>
    <datafield tag="991" ind1=" " ind2=" ">
      <subfield code="b">c-RecSound</subfield>
      <subfield code="h">Bongiovanni GB 1032 </subfield>
      <subfield code="w">MUSIC</subfield>
    </datafield>
  </record>