
  <record xmlns="http://www.loc.gov/MARC21/slim">
    <leader>01264cam a22003494a 4500</leader>
    <controlfield tag="001">12665524</controlfield>
    <controlfield tag="005">20060606011526.0</controlfield>
    <controlfield tag="008">020128s2001    it       b    000 0 ita  </controlfield>
    <datafield tag="035" ind1=" " ind2=" ">
      <subfield code="a">(DLC)12665524</subfield>
    </datafield>
    <datafield tag="035" ind1=" " ind2=" ">
      <subfield code="a">(DLC)2002420046</subfield>
    </datafield>
    <datafield tag="906" ind1=" " ind2=" ">
      <subfield code="a">0</subfield>
      <subfield code="b">ibc</subfield>
      <subfield code="c">origres</subfield>
      <subfield code="d">2</subfield>
      <subfield code="e">ncip</subfield>
      <subfield code="f">20</subfield>
      <subfield code="g">y-gencatlg</subfield>
    </datafield>
    <datafield tag="925" ind1="0" ind2=" ">
      <subfield code="a">acquire</subfield>
      <subfield code="b">1 shelf copy</subfield>
      <subfield code="x">policy default</subfield>
    </datafield>
    <datafield tag="955" ind1=" " ind2=" ">
      <subfield code="a">oe04 4-3-02 to SSCD</subfield>
      <subfield code="d">sg08 2006-06-05 (subject first)</subfield>
    </datafield>
    <datafield tag="010" ind1=" " ind2=" ">
      <subfield code="a">  2002420046</subfield>
    </datafield>
    <datafield tag="020" ind1=" " ind2=" ">
      <subfield code="a">8814090742</subfield>
    </datafield>
    <datafield tag="035" ind1=" " ind2=" ">
      <subfield code="a">(ItFiC)it01688073</subfield>
    </datafield>
    <datafield tag="040" ind1=" " ind2=" ">
      <subfield code="a">DLC</subfield>
      <subfield code="c">DLC</subfield>
    </datafield>
    <datafield tag="042" ind1=" " ind2=" ">
      <subfield code="a">pcc</subfield>
    </datafield>
    <datafield tag="043" ind1=" " ind2=" ">
      <subfield code="a">e------</subfield>
    </datafield>
    <datafield tag="050" ind1="0" ind2="0">
      <subfield code="a">KJC6242</subfield>
      <subfield code="b">.A+</subfield>
    </datafield>
    <datafield tag="100" ind1="1" ind2=" ">
      <subfield code="a">Arabia, Aida Giulia.</subfield>
    </datafield>
    <datafield tag="245" ind1="1" ind2="0">
      <subfield code="a">Autonomie territoriali e tutela dell'ambiente /</subfield>
      <subfield code="c">Aida Giulia Arabia, Georg Mu&#x308;hlbacher, Paolo Zuddas ; a cura di Carlo Desideri.</subfield>
    </datafield>
    <datafield tag="260" ind1=" " ind2=" ">
      <subfield code="a">Milano :</subfield>
      <subfield code="b">A. Giuffre&#x300;,</subfield>
      <subfield code="c">2001.</subfield>
    </datafield>
    <datafield tag="300" ind1=" " ind2=" ">
      <subfield code="a">vii, 156 p. ;</subfield>
      <subfield code="c">23 cm.</subfield>
    </datafield>
    <datafield tag="490" ind1="1" ind2=" ">
      <subfield code="a">Quaderni per la ricerca / Istituto di studisulle regioni Massimo Severo Giannini, Consiglio nazionale delle ricerche ricerche ;</subfield>
      <subfield code="v">11</subfield>
    </datafield>
    <datafield tag="504" ind1=" " ind2=" ">
      <subfield code="a">Includes bibliographical references.</subfield>
    </datafield>
    <datafield tag="650" ind1=" " ind2="0">
      <subfield code="a">Environmental law</subfield>
      <subfield code="z">Europe.</subfield>
    </datafield>
    <datafield tag="700" ind1="1" ind2=" ">
      <subfield code="a">Mu&#x308;hlbacher, Georg.</subfield>
    </datafield>
    <datafield tag="700" ind1="1" ind2=" ">
      <subfield code="a">Zuddas, Paolo.</subfield>
    </datafield>
    <datafield tag="830" ind1=" " ind2="0">
      <subfield code="a">Quaderni per la ricerca (Milan, Italy) ;</subfield>
      <subfield code="v">11.</subfield>
    </datafield>
    <datafield tag="923" ind1=" " ind2=" ">
      <subfield code="d">20020125</subfield>
      <subfield code="n">2479</subfield>
      <subfield code="s">ItFiC</subfield>
    </datafield>
    <datafield tag="985" ind1=" " ind2=" ">
      <subfield code="e">VENDOR LOAD</subfield>
    </datafield>
  </record>