
  <record xmlns="http://www.loc.gov/MARC21/slim">
    <leader>00879cam a2200253 a 4500</leader>
    <controlfield tag="001">4738584</controlfield>
    <controlfield tag="005">19850826000000.0</controlfield>
    <controlfield tag="008">840328s1982    it af         000 0 ita  </controlfield>
    <datafield tag="035" ind1=" " ind2=" ">
      <subfield code="9">(DLC)   84141052</subfield>
    </datafield>
    <datafield tag="906" ind1=" " ind2=" ">
      <subfield code="a">7</subfield>
      <subfield code="b">cbc</subfield>
      <subfield code="c">orignew</subfield>
      <subfield code="d">4</subfield>
      <subfield code="e">ncip</subfield>
      <subfield code="f">19</subfield>
      <subfield code="g">y-gencatlg</subfield>
    </datafield>
    <datafield tag="010" ind1=" " ind2=" ">
      <subfield code="a">   84141052 </subfield>
    </datafield>
    <datafield tag="020" ind1=" " ind2=" ">
      <subfield code="c">L8000</subfield>
    </datafield>
    <datafield tag="040" ind1=" " ind2=" ">
      <subfield code="a">DLC</subfield>
      <subfield code="c">DLC</subfield>
      <subfield code="d">DLC</subfield>
    </datafield>
    <datafield tag="050" ind1="0" ind2="0">
      <subfield code="a">ML410.V4</subfield>
      <subfield code="b">D23 1982</subfield>
    </datafield>
    <datafield tag="082" ind1="0" ind2="0">
      <subfield code="a">782.1/092/4</subfield>
      <subfield code="2">19</subfield>
    </datafield>
    <datafield tag="100" ind1="1" ind2=" ">
      <subfield code="a">De Bosio, Gianfranco.</subfield>
    </datafield>
    <datafield tag="245" ind1="1" ind2="0">
      <subfield code="a">Aida 1913, 1982 :</subfield>
      <subfield code="b">diario per una regia all'Arena /</subfield>
      <subfield code="c">Gianfranco de Bosio ; collaborazione di Boris Stetka ; introduzione di Mario Messinis.</subfield>
    </datafield>
    <datafield tag="250" ind1=" " ind2=" ">
      <subfield code="a">1a ed.</subfield>
    </datafield>
    <datafield tag="260" ind1=" " ind2=" ">
      <subfield code="a">Milano :</subfield>
      <subfield code="b">Il Saggiatore,</subfield>
      <subfield code="c">1982.</subfield>
    </datafield>
    <datafield tag="300" ind1=" " ind2=" ">
      <subfield code="a">x, 213 p., [32] p. of plates :</subfield>
      <subfield code="b">ill. (some col.) ;</subfield>
      <subfield code="c">20 cm.</subfield>
    </datafield>
    <datafield tag="490" ind1="0" ind2=" ">
      <subfield code="a">Politeama ;</subfield>
      <subfield code="v">6</subfield>
    </datafield>
    <datafield tag="600" ind1="1" ind2="0">
      <subfield code="a">Verdi, Giuseppe,</subfield>
      <subfield code="d">1813-1901.</subfield>
      <subfield code="t">Aida.</subfield>
    </datafield>
    <datafield tag="700" ind1="1" ind2=" ">
      <subfield code="a">Stetka, Boris.</subfield>
    </datafield>
    <datafield tag="991" ind1=" " ind2=" ">
      <subfield code="b">c-Music</subfield>
      <subfield code="h">ML410.V4</subfield>
      <subfield code="i">D23 1982</subfield>
      <subfield code="t">Copy 1</subfield>
      <subfield code="w">BOOKS</subfield>
    </datafield>
  </record>