
  <record xmlns="http://www.loc.gov/MARC21/slim">
    <leader>01168cam a22002894a 4500</leader>
    <controlfield tag="001">12015664</controlfield>
    <controlfield tag="005">20001121074747.0</controlfield>
    <controlfield tag="008">000522s1999    pe a     b    000 0 spa  </controlfield>
    <datafield tag="906" ind1=" " ind2=" ">
      <subfield code="a">7</subfield>
      <subfield code="b">cbc</subfield>
      <subfield code="c">orignew</subfield>
      <subfield code="d">2</subfield>
      <subfield code="e">ncip</subfield>
      <subfield code="f">20</subfield>
      <subfield code="g">y-gencatlg</subfield>
    </datafield>
    <datafield tag="925" ind1="0" ind2=" ">
      <subfield code="a">acquire</subfield>
      <subfield code="b">1 shelf copy</subfield>
      <subfield code="x">policy default</subfield>
    </datafield>
    <datafield tag="955" ind1=" " ind2=" ">
      <subfield code="a">oc05 05-22-00 to SSCD; sb00 09-26-00; sb16 11-6-00; to Dewey sb01 11-14-00; aa20 11-21-00</subfield>
    </datafield>
    <datafield tag="010" ind1=" " ind2=" ">
      <subfield code="a">   00317000 </subfield>
    </datafield>
    <datafield tag="040" ind1=" " ind2=" ">
      <subfield code="a">DLC</subfield>
      <subfield code="c">DLC</subfield>
      <subfield code="d">DLC</subfield>
    </datafield>
    <datafield tag="042" ind1=" " ind2=" ">
      <subfield code="a">pcc</subfield>
    </datafield>
    <datafield tag="043" ind1=" " ind2=" ">
      <subfield code="a">s-pe---</subfield>
    </datafield>
    <datafield tag="050" ind1="0" ind2="0">
      <subfield code="a">HQ1574.J86</subfield>
      <subfield code="b">G37 1999</subfield>
    </datafield>
    <datafield tag="082" ind1="0" ind2="0">
      <subfield code="a">305.42/0985</subfield>
      <subfield code="2">21</subfield>
    </datafield>
    <datafield tag="100" ind1="1" ind2=" ">
      <subfield code="a">Garci&#x301;a Naranjo, Ai&#x301;da.</subfield>
    </datafield>
    <datafield tag="245" ind1="1" ind2="0">
      <subfield code="a">Mujeres peruanas :</subfield>
      <subfield code="b">las protagonistas de Juni&#x301;n, Pasco y Hua&#x301;nuco de la sobrevivencia al desarrollo /</subfield>
      <subfield code="c">[Ai&#x301;da Garci&#x301;a Naranjo Morales].</subfield>
    </datafield>
    <datafield tag="246" ind1="3" ind2="0">
      <subfield code="a">Protagonistas de Juni&#x301;n, Pasco y Hua&#x301;nuco</subfield>
    </datafield>
    <datafield tag="250" ind1=" " ind2=" ">
      <subfield code="a">1. ed.</subfield>
    </datafield>
    <datafield tag="260" ind1=" " ind2=" ">
      <subfield code="a">Lima, Peru&#x301; :</subfield>
      <subfield code="b">Centro de Asesori&#x301;a Laboral del Peru&#x301;,</subfield>
      <subfield code="c">1999.</subfield>
    </datafield>
    <datafield tag="300" ind1=" " ind2=" ">
      <subfield code="a">225 p. :</subfield>
      <subfield code="b">ill. ;</subfield>
      <subfield code="c">22 cm.</subfield>
    </datafield>
    <datafield tag="504" ind1=" " ind2=" ">
      <subfield code="a">Includes bibliographical references (p. 221-222).</subfield>
    </datafield>
    <datafield tag="650" ind1=" " ind2="0">
      <subfield code="a">Women</subfield>
      <subfield code="z">Peru</subfield>
      <subfield code="z">Juni&#x301;n (Dept.)</subfield>
      <subfield code="x">Social conditions.</subfield>
    </datafield>
    <datafield tag="650" ind1=" " ind2="0">
      <subfield code="a">Women</subfield>
      <subfield code="z">Peru</subfield>
      <subfield code="z">Pasco (Dept.)</subfield>
      <subfield code="x">Social conditions.</subfield>
    </datafield>
    <datafield tag="650" ind1=" " ind2="0">
      <subfield code="a">Women</subfield>
      <subfield code="z">Peru</subfield>
      <subfield code="z">Hua&#x301;nuco (Dept.)</subfield>
      <subfield code="x">Social conditions.</subfield>
    </datafield>
  </record>