
  <record xmlns="http://www.loc.gov/MARC21/slim">
    <leader>00594nam a2200205u  4500</leader>
    <controlfield tag="001">8521441</controlfield>
    <controlfield tag="005">00000000000000.0</controlfield>
    <controlfield tag="008">860403s1969    xx            000 0 jap  </controlfield>
    <datafield tag="035" ind1=" " ind2=" ">
      <subfield code="9">(DLC)   72788147</subfield>
    </datafield>
    <datafield tag="906" ind1=" " ind2=" ">
      <subfield code="a">0</subfield>
      <subfield code="b">cbc</subfield>
      <subfield code="c">premunv</subfield>
      <subfield code="d">u</subfield>
      <subfield code="e">ncip</subfield>
      <subfield code="f">19</subfield>
      <subfield code="g">y-gencatlg</subfield>
    </datafield>
    <datafield tag="010" ind1=" " ind2=" ">
      <subfield code="a">   72788147 </subfield>
    </datafield>
    <datafield tag="040" ind1=" " ind2=" ">
      <subfield code="a">DLC</subfield>
      <subfield code="c">CarP</subfield>
      <subfield code="d">DLC</subfield>
    </datafield>
    <datafield tag="050" ind1="0" ind2="0">
      <subfield code="a">AC146</subfield>
      <subfield code="b">.I55</subfield>
    </datafield>
    <datafield tag="100" ind1="1" ind2=" ">
      <subfield code="a">Inoue, Kichijiro&#x304;,</subfield>
      <subfield code="d">1889- [from old catalog]</subfield>
    </datafield>
    <datafield tag="245" ind1="1" ind2="0">
      <subfield code="a">Tsu&#x304;shin to taiwa to dokugo to. </subfield>
    </datafield>
    <datafield tag="260" ind1=" " ind2=" ">
      <subfield code="c">44(1969)</subfield>
    </datafield>
    <datafield tag="300" ind1=" " ind2=" ">
      <subfield code="a">494 p.</subfield>
      <subfield code="c">22 cm.</subfield>
    </datafield>
    <datafield tag="500" ind1=" " ind2=" ">
      <subfield code="a">Romanized.</subfield>
    </datafield>
    <datafield tag="740" ind1=" " ind2=" ">
      <subfield code="a">Kisha to gakusha no aida.</subfield>
    </datafield>
    <datafield tag="991" ind1=" " ind2=" ">
      <subfield code="b">c-GenColl</subfield>
      <subfield code="h">AC146</subfield>
      <subfield code="i">.I55</subfield>
      <subfield code="t">Copy 1</subfield>
      <subfield code="w">PREM</subfield>
    </datafield>
  </record>