
  <record xmlns="http://www.loc.gov/MARC21/slim">
    <leader>00576cam a2200193u  4500</leader>
    <controlfield tag="001">9510886</controlfield>
    <controlfield tag="005">20031024202006.0</controlfield>
    <controlfield tag="008">840817s1970    xx            000 0 jpn  </controlfield>
    <datafield tag="035" ind1=" " ind2=" ">
      <subfield code="9">(DLC)   77789620</subfield>
    </datafield>
    <datafield tag="906" ind1=" " ind2=" ">
      <subfield code="a">0</subfield>
      <subfield code="b">cbc</subfield>
      <subfield code="c">premunv</subfield>
      <subfield code="d">u</subfield>
      <subfield code="e">ncip</subfield>
      <subfield code="f">19</subfield>
      <subfield code="g">y-gencatlg</subfield>
    </datafield>
    <datafield tag="010" ind1=" " ind2=" ">
      <subfield code="a">   77789620 </subfield>
    </datafield>
    <datafield tag="040" ind1=" " ind2=" ">
      <subfield code="a">DLC</subfield>
      <subfield code="c">CarP</subfield>
      <subfield code="d">DLC</subfield>
    </datafield>
    <datafield tag="050" ind1="0" ind2="0">
      <subfield code="a">B5244.K6</subfield>
      <subfield code="b">A3</subfield>
    </datafield>
    <datafield tag="100" ind1="1" ind2=" ">
      <subfield code="a">Ko&#x304;saka, Masaaki,</subfield>
      <subfield code="d">1900-1969. [from old catalog]</subfield>
    </datafield>
    <datafield tag="245" ind1="1" ind2="0">
      <subfield code="a">Tsuioku to gambo&#x304; no aida ni ikite. </subfield>
    </datafield>
    <datafield tag="260" ind1=" " ind2=" ">
      <subfield code="c">45(1970)</subfield>
    </datafield>
    <datafield tag="300" ind1=" " ind2=" ">
      <subfield code="a">276 p.</subfield>
      <subfield code="c">20 cm.</subfield>
    </datafield>
    <datafield tag="500" ind1=" " ind2=" ">
      <subfield code="a">Romanized.</subfield>
    </datafield>
    <datafield tag="991" ind1=" " ind2=" ">
      <subfield code="b">c-GenColl</subfield>
      <subfield code="h">B5244.K6</subfield>
      <subfield code="i">A3 (Orien Japan)</subfield>
      <subfield code="t">Copy 1</subfield>
      <subfield code="w">PREM</subfield>
    </datafield>
  </record>