
  <record xmlns="http://www.loc.gov/MARC21/slim">
    <leader>01327njm a2200301 a 4500</leader>
    <controlfield tag="001">5652990</controlfield>
    <controlfield tag="005">19930622092442.3</controlfield>
    <controlfield tag="007">sdubumennmplu</controlfield>
    <controlfield tag="008">920709q19701979xx sgn              fre  </controlfield>
    <datafield tag="035" ind1=" " ind2=" ">
      <subfield code="9">(DLC)   92763487</subfield>
    </datafield>
    <datafield tag="906" ind1=" " ind2=" ">
      <subfield code="a">7</subfield>
      <subfield code="b">cbc</subfield>
      <subfield code="c">orignew</subfield>
      <subfield code="d">3</subfield>
      <subfield code="e">ncip</subfield>
      <subfield code="f">19</subfield>
      <subfield code="g">y-genmusic</subfield>
    </datafield>
    <datafield tag="955" ind1=" " ind2=" ">
      <subfield code="a">vf97; vk07 06-18-93</subfield>
    </datafield>
    <datafield tag="010" ind1=" " ind2=" ">
      <subfield code="a">   92763487 </subfield>
    </datafield>
    <datafield tag="028" ind1="0" ind2="2">
      <subfield code="a">GV 905</subfield>
      <subfield code="b">Rubini</subfield>
    </datafield>
    <datafield tag="040" ind1=" " ind2=" ">
      <subfield code="a">DLC</subfield>
      <subfield code="c">DLC</subfield>
    </datafield>
    <datafield tag="041" ind1="1" ind2=" ">
      <subfield code="d">fre</subfield>
      <subfield code="h">ita</subfield>
      <subfield code="g">engfre</subfield>
    </datafield>
    <datafield tag="050" ind1="0" ind2="0">
      <subfield code="a">Rubini GV 905</subfield>
    </datafield>
    <datafield tag="100" ind1="1" ind2=" ">
      <subfield code="a">Martinelli, Germaine,</subfield>
      <subfield code="d">1887-1964.</subfield>
      <subfield code="4">prf</subfield>
    </datafield>
    <datafield tag="245" ind1="1" ind2="0">
      <subfield code="a">Germaine Martinelli</subfield>
      <subfield code="h">[sound recording].</subfield>
    </datafield>
    <datafield tag="260" ind1=" " ind2=" ">
      <subfield code="a">[S.l.] :</subfield>
      <subfield code="b">Rubini,</subfield>
      <subfield code="c">[197-?]</subfield>
    </datafield>
    <datafield tag="300" ind1=" " ind2=" ">
      <subfield code="a">1 sound disc :</subfield>
      <subfield code="b">analog, 33 1/3 rpm ;</subfield>
      <subfield code="c">12 in.</subfield>
    </datafield>
    <datafield tag="511" ind1="0" ind2=" ">
      <subfield code="a">Germaine Martinelli, soprano, with orchestra.</subfield>
    </datafield>
    <datafield tag="500" ind1=" " ind2=" ">
      <subfield code="a">Program notes in English on container, and in French (1 p.) inserted.</subfield>
    </datafield>
    <datafield tag="505" ind1="0" ind2=" ">
      <subfield code="a">Marie-Magdeleine. C'est ici me&#x302;me ; Marie-Magdeleine. O bien-aime&#x301; ; Werther. Les larmes / Massenet -- Nocturne / Franck -- Ottone. Viens, o&#x302; fils aime&#x301; / Handel -- La damnation de Faust. Autrefois un roi de Thule&#x301;. La damnation de Faust. D'amour l'ardente / Berlioz -- Salammbo. Oh! qui me donnera -- Otello. Ave Maria ; Aida. Vers nous reviens vainqueur / Verdi.</subfield>
    </datafield>
    <datafield tag="650" ind1=" " ind2="0">
      <subfield code="a">Songs (High voice) with orchestra.</subfield>
    </datafield>
    <datafield tag="650" ind1=" " ind2="0">
      <subfield code="a">Operas</subfield>
      <subfield code="x">Excerpts.</subfield>
    </datafield>
    <datafield tag="953" ind1=" " ind2=" ">
      <subfield code="a">TA28</subfield>
    </datafield>
    <datafield tag="991" ind1=" " ind2=" ">
      <subfield code="b">c-RecSound</subfield>
      <subfield code="h">Rubini GV 905</subfield>
      <subfield code="w">MUSIC</subfield>
    </datafield>
  </record>