
  <record xmlns="http://www.loc.gov/MARC21/slim">
    <leader>00583nam a22001937a 4500</leader>
    <controlfield tag="001">4829664</controlfield>
    <controlfield tag="005">19890227145224.4</controlfield>
    <controlfield tag="008">890204s1963    nyu           000 0 lav  </controlfield>
    <datafield tag="035" ind1=" " ind2=" ">
      <subfield code="9">(DLC)   89868422</subfield>
    </datafield>
    <datafield tag="906" ind1=" " ind2=" ">
      <subfield code="a">7</subfield>
      <subfield code="b">cbc</subfield>
      <subfield code="c">orignew</subfield>
      <subfield code="d">u</subfield>
      <subfield code="e">ncip</subfield>
      <subfield code="f">19</subfield>
      <subfield code="g">y-gencatlg</subfield>
    </datafield>
    <datafield tag="010" ind1=" " ind2=" ">
      <subfield code="a">   89868422 </subfield>
    </datafield>
    <datafield tag="040" ind1=" " ind2=" ">
      <subfield code="a">DLC</subfield>
      <subfield code="c">DLC</subfield>
      <subfield code="d">DLC</subfield>
    </datafield>
    <datafield tag="050" ind1="0" ind2="0">
      <subfield code="a">MLCS 89/00423 (P)</subfield>
    </datafield>
    <datafield tag="100" ind1="1" ind2=" ">
      <subfield code="a">Niedra, Ai&#x304;da.</subfield>
    </datafield>
    <datafield tag="245" ind1="1" ind2="0">
      <subfield code="a">Holivudas klauns :</subfield>
      <subfield code="b">roma&#x304;ns /</subfield>
      <subfield code="c">Ai&#x304;da Niedra.</subfield>
    </datafield>
    <datafield tag="260" ind1=" " ind2=" ">
      <subfield code="a">[Brooklyn, N.Y.] :</subfield>
      <subfield code="b">Gra&#x304;matu draugs,</subfield>
      <subfield code="c">1963.</subfield>
    </datafield>
    <datafield tag="300" ind1=" " ind2=" ">
      <subfield code="a">239 p. ;</subfield>
      <subfield code="c">21cm.</subfield>
    </datafield>
    <datafield tag="985" ind1=" " ind2=" ">
      <subfield code="a">eb07 2-4-89</subfield>
    </datafield>
    <datafield tag="991" ind1=" " ind2=" ">
      <subfield code="b">c-GenColl</subfield>
      <subfield code="h">MLCS 89/00423 (P)</subfield>
      <subfield code="t">Copy 1</subfield>
      <subfield code="w">BOOKS</subfield>
    </datafield>
  </record>