
  <record xmlns="http://www.loc.gov/MARC21/slim">
    <leader>01533njm a22003131a 4500</leader>
    <controlfield tag="001">12057898</controlfield>
    <controlfield tag="005">20000618155623.0</controlfield>
    <controlfield tag="007">sdubmmenn-----</controlfield>
    <controlfield tag="008">910222q19701979oncopn   f          ita  </controlfield>
    <datafield tag="035" ind1=" " ind2=" ">
      <subfield code="a">(OCoLC)ocm23138661</subfield>
    </datafield>
    <datafield tag="906" ind1=" " ind2=" ">
      <subfield code="a">0</subfield>
      <subfield code="b">cbc</subfield>
      <subfield code="c">copycat</subfield>
      <subfield code="d">3</subfield>
      <subfield code="e">ncip</subfield>
      <subfield code="f">19</subfield>
      <subfield code="g">y-soundrec</subfield>
    </datafield>
    <datafield tag="010" ind1=" " ind2=" ">
      <subfield code="a">   99580308 </subfield>
    </datafield>
    <datafield tag="028" ind1="0" ind2="3">
      <subfield code="a">RR-5378</subfield>
      <subfield code="b">Rococo</subfield>
    </datafield>
    <datafield tag="028" ind1="0" ind2="0">
      <subfield code="a">5378</subfield>
      <subfield code="b">Rococo</subfield>
    </datafield>
    <datafield tag="040" ind1=" " ind2=" ">
      <subfield code="a">DLC</subfield>
      <subfield code="c">InU</subfield>
      <subfield code="d">DLC</subfield>
    </datafield>
    <datafield tag="042" ind1=" " ind2=" ">
      <subfield code="a">lcderive</subfield>
    </datafield>
    <datafield tag="050" ind1="0" ind2="0">
      <subfield code="a">Rococo RR-5378</subfield>
    </datafield>
    <datafield tag="100" ind1="2" ind2=" ">
      <subfield code="a">Poli-Randaccio, Tina,</subfield>
      <subfield code="d">1887-1956.</subfield>
      <subfield code="4">prf</subfield>
    </datafield>
    <datafield tag="245" ind1="1" ind2="0">
      <subfield code="a">Tina Poli-Randaccio</subfield>
      <subfield code="h">sound recording</subfield>
    </datafield>
    <datafield tag="260" ind1=" " ind2=" ">
      <subfield code="a">Toronto :</subfield>
      <subfield code="b">Rococo,</subfield>
      <subfield code="c">[197-?]</subfield>
    </datafield>
    <datafield tag="300" ind1=" " ind2=" ">
      <subfield code="a">1 sound disc :</subfield>
      <subfield code="b">analog, 33 1/3 rpm, mono. ;</subfield>
      <subfield code="c">12 in.</subfield>
    </datafield>
    <datafield tag="440" ind1=" " ind2="0">
      <subfield code="a">Famous voices of the past</subfield>
    </datafield>
    <datafield tag="500" ind1=" " ind2=" ">
      <subfield code="a">Rococo: RR-5378 (on container: 5378).</subfield>
    </datafield>
    <datafield tag="500" ind1=" " ind2=" ">
      <subfield code="a">Opera excerpts; sung in Italian.</subfield>
    </datafield>
    <datafield tag="511" ind1="0" ind2=" ">
      <subfield code="a">Tina Poli-Randaccio, soprano.</subfield>
    </datafield>
    <datafield tag="500" ind1=" " ind2=" ">
      <subfield code="a">Biographical notes on singer in English by Luciano di Cave ([4] p.) inserted in container.</subfield>
    </datafield>
    <datafield tag="505" ind1="0" ind2=" ">
      <subfield code="a">Norma. Deh non voloerli vittime / Bellini (with Pinza and Boscacci) -- Trovatore. Terzetto atto 1 (with Inghilleri and Montelauri) ; Ballo in maschera. Mezzanotte ; Otello. Ave Maria / Verdi -- Gioconda. Suicidio / Ponchielli -- Madama Butterfly. Un bel di ; Suor Angelica. Senza Mamma / Puccini -- Wally. Ebben ne andro&#x300; / Catalani -- Cavalleria rusticana. Voi lo sapete / Mascagni -- Andrea Chenier. La mamma morta / Giordano -- Ai&#x308;da. Ritorna vincitor ; Fu la sorte (with Maartje Offers) / Verdi.</subfield>
    </datafield>
    <datafield tag="650" ind1=" " ind2="0">
      <subfield code="a">Operas</subfield>
      <subfield code="x">Excerpts.</subfield>
    </datafield>
    <datafield tag="985" ind1=" " ind2=" ">
      <subfield code="c">OCLC</subfield>
      <subfield code="e">Claimed Recordings</subfield>
    </datafield>
  </record>