
  <record xmlns="http://www.loc.gov/MARC21/slim">
    <leader>00597cam a2200193u  4500</leader>
    <controlfield tag="001">9018413</controlfield>
    <controlfield tag="005">20031008181354.0</controlfield>
    <controlfield tag="008">840814q        xx c          000 0 jpn  </controlfield>
    <datafield tag="035" ind1=" " ind2=" ">
      <subfield code="9">(DLC)   74806916</subfield>
    </datafield>
    <datafield tag="906" ind1=" " ind2=" ">
      <subfield code="a">0</subfield>
      <subfield code="b">cbc</subfield>
      <subfield code="c">premunv</subfield>
      <subfield code="d">u</subfield>
      <subfield code="e">ncip</subfield>
      <subfield code="f">19</subfield>
      <subfield code="g">y-gencatlg</subfield>
    </datafield>
    <datafield tag="010" ind1=" " ind2=" ">
      <subfield code="a">   74806916 </subfield>
    </datafield>
    <datafield tag="040" ind1=" " ind2=" ">
      <subfield code="a">DLC</subfield>
      <subfield code="c">CarP</subfield>
      <subfield code="d">DLC</subfield>
    </datafield>
    <datafield tag="050" ind1="0" ind2="0">
      <subfield code="a">PL861.E8</subfield>
      <subfield code="b">A6 1973, vol. 6</subfield>
    </datafield>
    <datafield tag="100" ind1="1" ind2=" ">
      <subfield code="a">Setouchi, Harumi,</subfield>
      <subfield code="d">1922- [from old catalog]</subfield>
    </datafield>
    <datafield tag="245" ind1="1" ind2="0">
      <subfield code="a">Tsuma to onna no aida. </subfield>
    </datafield>
    <datafield tag="260" ind1=" " ind2=" ">
      <subfield code="c">[49 i.e. 1974]</subfield>
    </datafield>
    <datafield tag="300" ind1=" " ind2=" ">
      <subfield code="a">431 p.</subfield>
      <subfield code="b">port.</subfield>
      <subfield code="c">19 cm.</subfield>
    </datafield>
    <datafield tag="500" ind1=" " ind2=" ">
      <subfield code="a">Romanized.</subfield>
    </datafield>
    <datafield tag="991" ind1=" " ind2=" ">
      <subfield code="b">c-GenColl</subfield>
      <subfield code="h">PL861.E8</subfield>
      <subfield code="i">A6 1973, vol. 6 (Orien Japan)</subfield>
      <subfield code="t">Copy 1</subfield>
      <subfield code="w">PREM</subfield>
    </datafield>
  </record>