
  <record xmlns="http://www.loc.gov/MARC21/slim">
    <leader>02032cjm a22003491a 4500</leader>
    <controlfield tag="001">12057134</controlfield>
    <controlfield tag="005">20000618133849.0</controlfield>
    <controlfield tag="007">sdubumenn-----</controlfield>
    <controlfield tag="008">900720q19601969gw mun   fi         ger  </controlfield>
    <datafield tag="035" ind1=" " ind2=" ">
      <subfield code="a">(OCoLC)ocm22105804</subfield>
    </datafield>
    <datafield tag="906" ind1=" " ind2=" ">
      <subfield code="a">0</subfield>
      <subfield code="b">cbc</subfield>
      <subfield code="c">copycat</subfield>
      <subfield code="d">3</subfield>
      <subfield code="e">ncip</subfield>
      <subfield code="f">19</subfield>
      <subfield code="g">y-soundrec</subfield>
    </datafield>
    <datafield tag="010" ind1=" " ind2=" ">
      <subfield code="a">   99579544 </subfield>
    </datafield>
    <datafield tag="028" ind1="0" ind2="1">
      <subfield code="a">O 73 391</subfield>
      <subfield code="b">Odeon</subfield>
    </datafield>
    <datafield tag="040" ind1=" " ind2=" ">
      <subfield code="a">DLC</subfield>
      <subfield code="c">MoU</subfield>
      <subfield code="d">InU</subfield>
      <subfield code="d">DLC</subfield>
    </datafield>
    <datafield tag="042" ind1=" " ind2=" ">
      <subfield code="a">lcderive</subfield>
    </datafield>
    <datafield tag="050" ind1="0" ind2="0">
      <subfield code="a">Odeon O 73 391</subfield>
    </datafield>
    <datafield tag="100" ind1="1" ind2=" ">
      <subfield code="a">Tauber, Richard,</subfield>
      <subfield code="d">1891-1948.</subfield>
      <subfield code="4">prf</subfield>
    </datafield>
    <datafield tag="245" ind1="0" ind2="0">
      <subfield code="a">Richard Tauber</subfield>
      <subfield code="h">sound recording</subfield>
    </datafield>
    <datafield tag="260" ind1=" " ind2=" ">
      <subfield code="a">Ko&#x308;ln :</subfield>
      <subfield code="b">Odeon,</subfield>
      <subfield code="c">[196-?]</subfield>
    </datafield>
    <datafield tag="300" ind1=" " ind2=" ">
      <subfield code="a">1 sound disc :</subfield>
      <subfield code="b">analog, 33 1/3 rpm ;</subfield>
      <subfield code="c">12 in.</subfield>
    </datafield>
    <datafield tag="490" ind1="0" ind2=" ">
      <subfield code="a">Die goldene Stimme</subfield>
    </datafield>
    <datafield tag="511" ind1="0" ind2=" ">
      <subfield code="a">Richard Tauber, tenor, with other vocalists and orchestra ; last song with piano, Tauber, voice and piano ; narrated by Max Tauber.</subfield>
    </datafield>
    <datafield tag="500" ind1=" " ind2=" ">
      <subfield code="a">Program notes in German and English by Ekkehardt Kroher on container.</subfield>
    </datafield>
    <datafield tag="505" ind1="0" ind2=" ">
      <subfield code="a">Don Giovanni. Folget der Heissgeliebten / Mozart -- Die verkaufte Braut. Es muss gelingen / Smetana -- La traviata. Ach, ihres Auges Zauberblick / Verdi -- Carmen. Ich seh' die Mutter dort (with Elisabeth Rethberg) / Bizet -- Der Rosenkavalier. Di rigori armato / R. Strauss -- Aida. Was hab' ich leiden mu&#x308;ssen (with Sabine Kalter) / Verdi -- Der Zigeunerbaron. Als flotter Geist / J. Strauss -- Das Land des La&#x308;chelns. Bei einem Tee en deux (with Vera Schwarz) / Leha&#x301;r -- Eine Nacht in Venedig. Treu sein, das liegt mir nicht / J. Strauss -- Paganini. Niemand liebt dich so wie ich (with Carlotta Vanconti) / Leha&#x301;r -- Die Zirkusprinzessin. Zwei Ma&#x308;rchenaugen / Ka&#x301;lma&#x301;n -- Ich glaub' nie mehr an eine Frau / Tauber -- Sprich zu mir vom Glu&#x308;ck / J. Lenoir -- Das alte Lied / H. Love.</subfield>
    </datafield>
    <datafield tag="650" ind1=" " ind2="0">
      <subfield code="a">Operas</subfield>
      <subfield code="x">Excerpts.</subfield>
    </datafield>
    <datafield tag="650" ind1=" " ind2="0">
      <subfield code="a">Songs (High voice) with orchestra.</subfield>
    </datafield>
    <datafield tag="650" ind1=" " ind2="0">
      <subfield code="a">Songs (High voice) with piano.</subfield>
    </datafield>
    <datafield tag="700" ind1="1" ind2=" ">
      <subfield code="a">Rethberg, Elisabeth,</subfield>
      <subfield code="d">1894-</subfield>
      <subfield code="4">prf</subfield>
    </datafield>
    <datafield tag="700" ind1="1" ind2=" ">
      <subfield code="a">Kalter, Sabine,</subfield>
      <subfield code="d">1889-1957.</subfield>
      <subfield code="4">prf</subfield>
    </datafield>
    <datafield tag="700" ind1="1" ind2=" ">
      <subfield code="a">Schwarz, Vera,</subfield>
      <subfield code="d">1888-1964.</subfield>
      <subfield code="4">prf</subfield>
    </datafield>
    <datafield tag="700" ind1="1" ind2=" ">
      <subfield code="a">Vanconti, Carlotta.</subfield>
      <subfield code="4">prf</subfield>
    </datafield>
    <datafield tag="985" ind1=" " ind2=" ">
      <subfield code="c">OCLC</subfield>
      <subfield code="e">Claimed Recordings</subfield>
    </datafield>
  </record>