
  <record xmlns="http://www.loc.gov/MARC21/slim">
    <leader>01686cjm a22004097a 4500</leader>
    <controlfield tag="001">5783341</controlfield>
    <controlfield tag="005">19970828172605.8</controlfield>
    <controlfield tag="007">sd|dmsennmslub</controlfield>
    <controlfield tag="007">st|pmndmaunnue</controlfield>
    <controlfield tag="008">970808s19uu    nyuopn              ita  </controlfield>
    <datafield tag="035" ind1=" " ind2=" ">
      <subfield code="9">(DLC)   97704647</subfield>
    </datafield>
    <datafield tag="906" ind1=" " ind2=" ">
      <subfield code="a">7</subfield>
      <subfield code="b">cbc</subfield>
      <subfield code="c">orignew</subfield>
      <subfield code="d">4</subfield>
      <subfield code="e">ncip</subfield>
      <subfield code="f">19</subfield>
      <subfield code="g">y-genmusic</subfield>
    </datafield>
    <datafield tag="955" ind1=" " ind2=" ">
      <subfield code="a">vl25 08-08-97</subfield>
    </datafield>
    <datafield tag="010" ind1=" " ind2=" ">
      <subfield code="a">   97704647 </subfield>
    </datafield>
    <datafield tag="028" ind1="0" ind2="2">
      <subfield code="a">8910-M</subfield>
      <subfield code="b">Columbia</subfield>
    </datafield>
    <datafield tag="028" ind1="1" ind2="0">
      <subfield code="a">49557-58M163</subfield>
      <subfield code="b">Columbia</subfield>
    </datafield>
    <datafield tag="028" ind1="1" ind2="0">
      <subfield code="a">49558-6AAD16</subfield>
      <subfield code="b">Columbia</subfield>
    </datafield>
    <datafield tag="040" ind1=" " ind2=" ">
      <subfield code="a">DLC</subfield>
      <subfield code="c">DLC</subfield>
      <subfield code="d">DLC</subfield>
    </datafield>
    <datafield tag="050" ind1="0" ind2="0">
      <subfield code="a">Columbia 8910-M (RDI 0007/0262)</subfield>
    </datafield>
    <datafield tag="050" ind1="0" ind2="0">
      <subfield code="a">LWO 4072 reel 220, track 3 (preservation master)</subfield>
    </datafield>
    <datafield tag="100" ind1="1" ind2=" ">
      <subfield code="a">Verdi, Giuseppe,</subfield>
      <subfield code="d">1813-1901.</subfield>
    </datafield>
    <datafield tag="240" ind1="1" ind2="0">
      <subfield code="a">Ai&#x308;da.</subfield>
      <subfield code="p">O patria mia</subfield>
    </datafield>
    <datafield tag="245" ind1="1" ind2="0">
      <subfield code="a">Ai&#x308;da.</subfield>
      <subfield code="p">O patria mia</subfield>
      <subfield code="h">[sound recording] ; La forza del destino. La Vergine degli angeli /</subfield>
      <subfield code="c">Verdi.</subfield>
    </datafield>
    <datafield tag="260" ind1=" " ind2=" ">
      <subfield code="a">New York :</subfield>
      <subfield code="b">Columbia,</subfield>
      <subfield code="c">[19--]</subfield>
    </datafield>
    <datafield tag="300" ind1=" " ind2=" ">
      <subfield code="a">1 sound disc :</subfield>
      <subfield code="b">analog, 78 rpm, mono. ;</subfield>
      <subfield code="c">12 in.</subfield>
    </datafield>
    <datafield tag="500" ind1=" " ind2=" ">
      <subfield code="a">Columbia: 49557-58M163 (matrix)--49558-6AAD16 (matrix).</subfield>
    </datafield>
    <datafield tag="511" ind1="0" ind2=" ">
      <subfield code="a">Rosa Ponselle, soprano; with orchestra.</subfield>
    </datafield>
    <datafield tag="533" ind1=" " ind2=" ">
      <subfield code="a">Preservation master.</subfield>
      <subfield code="b">Washington, D.C. :</subfield>
      <subfield code="c">Library of Congress Magnetic Recording Laboratory,</subfield>
      <subfield code="d">1963.</subfield>
      <subfield code="e">1 sound tape reel : analog, 15 ips, 1 track, mono. ; 10 in.</subfield>
    </datafield>
    <datafield tag="541" ind1=" " ind2=" ">
      <subfield code="a">From the Library of Congress Secrist Collection.</subfield>
    </datafield>
    <datafield tag="500" ind1=" " ind2=" ">
      <subfield code="a">Production level cataloging.</subfield>
    </datafield>
    <datafield tag="650" ind1=" " ind2="0">
      <subfield code="a">Operas</subfield>
      <subfield code="x">Excerpts.</subfield>
    </datafield>
    <datafield tag="700" ind1="1" ind2=" ">
      <subfield code="a">Ponselle, Rosa,</subfield>
      <subfield code="d">1897-1981.</subfield>
      <subfield code="4">prf</subfield>
    </datafield>
    <datafield tag="700" ind1="1" ind2="2">
      <subfield code="a">Verdi, Giuseppe,</subfield>
      <subfield code="d">1813-1901.</subfield>
      <subfield code="t">Forza del destino.</subfield>
      <subfield code="p">Alzatevi, e partite.</subfield>
    </datafield>
    <datafield tag="740" ind1="0" ind2="2">
      <subfield code="a">Vergine degli angeli.</subfield>
    </datafield>
    <datafield tag="953" ind1=" " ind2=" ">
      <subfield code="a">TA28</subfield>
    </datafield>
    <datafield tag="991" ind1=" " ind2=" ">
      <subfield code="b">c-RecSound</subfield>
      <subfield code="h">Columbia 8910-M (RDI 0007/0262)</subfield>
      <subfield code="w">MUSIC</subfield>
    </datafield>
    <datafield tag="991" ind1=" " ind2=" ">
      <subfield code="b">c-RecSound</subfield>
      <subfield code="h">LWO 4072 reel 220, track 3 (preservation master)</subfield>
      <subfield code="w">MUSIC</subfield>
    </datafield>
  </record>