
  <record xmlns="http://www.loc.gov/MARC21/slim">
    <leader>02110cjm a22004332a 4500</leader>
    <controlfield tag="001">12321940</controlfield>
    <controlfield tag="005">20010225100622.0</controlfield>
    <controlfield tag="007">sd fsngnn---ed</controlfield>
    <controlfield tag="008">980602r19971972nyu  n              ita d</controlfield>
    <datafield tag="035" ind1=" " ind2=" ">
      <subfield code="a">(OCoLC)ocm39210917</subfield>
    </datafield>
    <datafield tag="906" ind1=" " ind2=" ">
      <subfield code="a">0</subfield>
      <subfield code="b">cbc</subfield>
      <subfield code="c">copycat</subfield>
      <subfield code="d">3</subfield>
      <subfield code="e">ncip</subfield>
      <subfield code="f">20</subfield>
      <subfield code="g">y-soundrec</subfield>
    </datafield>
    <datafield tag="010" ind1=" " ind2=" ">
      <subfield code="a">   00715038 </subfield>
    </datafield>
    <datafield tag="024" ind1="1" ind2=" ">
      <subfield code="a">2435664622</subfield>
    </datafield>
    <datafield tag="028" ind1="0" ind2="2">
      <subfield code="a">7243 5 66462 2 3</subfield>
      <subfield code="b">EMI Classics</subfield>
    </datafield>
    <datafield tag="028" ind1="0" ind2="0">
      <subfield code="a">CDM 7243 5 66462 2 3</subfield>
      <subfield code="b">EMI Classics</subfield>
    </datafield>
    <datafield tag="028" ind1="0" ind2="0">
      <subfield code="a">66462</subfield>
      <subfield code="b">EMI Classics</subfield>
    </datafield>
    <datafield tag="040" ind1=" " ind2=" ">
      <subfield code="a">OWL</subfield>
      <subfield code="c">OWL</subfield>
      <subfield code="d">TXA</subfield>
      <subfield code="d">DLC</subfield>
    </datafield>
    <datafield tag="041" ind1="0" ind2=" ">
      <subfield code="d">ita</subfield>
      <subfield code="e">engita</subfield>
    </datafield>
    <datafield tag="042" ind1=" " ind2=" ">
      <subfield code="a">lcderive</subfield>
    </datafield>
    <datafield tag="050" ind1="0" ind2="0">
      <subfield code="a">EMI Classics 7243 5 66462 2 3</subfield>
    </datafield>
    <datafield tag="100" ind1="1" ind2=" ">
      <subfield code="a">Verdi, Giuseppe,</subfield>
      <subfield code="d">1813-1901.</subfield>
    </datafield>
    <datafield tag="240" ind1="1" ind2="0">
      <subfield code="a">Operas.</subfield>
      <subfield code="k">Selections</subfield>
    </datafield>
    <datafield tag="245" ind1="0" ind2="0">
      <subfield code="a">Verdi arias III</subfield>
      <subfield code="h">[sound recording] /</subfield>
      <subfield code="c">Maria Callas.</subfield>
    </datafield>
    <datafield tag="246" ind1="3" ind2=" ">
      <subfield code="a">Arias III</subfield>
    </datafield>
    <datafield tag="260" ind1=" " ind2=" ">
      <subfield code="a">New York :</subfield>
      <subfield code="b">EMI Classics,</subfield>
      <subfield code="c">p1997.</subfield>
    </datafield>
    <datafield tag="300" ind1=" " ind2=" ">
      <subfield code="a">1 sound disc :</subfield>
      <subfield code="b">digital ;</subfield>
      <subfield code="c">4 3/4 in.</subfield>
    </datafield>
    <datafield tag="511" ind1="0" ind2=" ">
      <subfield code="a">Maria Callas ; Orchestre de la Socie&#x301;te&#x301; des concerts du Conservatoire ; Orchestre du The&#x301;a&#x302;tre National de l'Ope&#x301;ra de Paris (tracks 3 &amp; 4) ; Nicola Rescigno, conductor.</subfield>
    </datafield>
    <datafield tag="500" ind1=" " ind2=" ">
      <subfield code="a">Sung in Italian.</subfield>
    </datafield>
    <datafield tag="518" ind1=" " ind2=" ">
      <subfield code="a">Recorded in France.</subfield>
    </datafield>
    <datafield tag="500" ind1=" " ind2=" ">
      <subfield code="a">Tracks 1,2,6,7 &amp; 9 released in 1972 ; tracks 3,4,5, &amp; 8 released in 1978.</subfield>
    </datafield>
    <datafield tag="500" ind1=" " ind2=" ">
      <subfield code="a">Compact disc.</subfield>
    </datafield>
    <datafield tag="500" ind1=" " ind2=" ">
      <subfield code="a">Program notes by Michel Roubinet and texts, with English translations inserted in container.</subfield>
    </datafield>
    <datafield tag="505" ind1="0" ind2=" ">
      <subfield code="a">I lombardi alla prima crociata. O Madre, dal cielo soccorri -- Attila. Liberamente or piangi, Oh! nel fuggente nuvolo -- Il corsaro. Egli non riede ancor, Non so le tetre immagini ; Ne&#x301; sulla terra, Vola talor dal carcere, Verro&#x300;, Ah conforto e&#x300; sol la speme -- Il trovatore. Tacea la notte placida, Di tale amor -- I vespri siciliani. Arrigo! ah, parli a un core -- Un ballo in maschera. Ecco l'orrido campo, Ma dall'arido telo divulsa ; Morro&#x300;, ma prima in grazia -- Aida. Ritorna vincitor!</subfield>
    </datafield>
    <datafield tag="650" ind1=" " ind2="0">
      <subfield code="a">Operas</subfield>
      <subfield code="v">Excerpts.</subfield>
    </datafield>
    <datafield tag="700" ind1="1" ind2=" ">
      <subfield code="a">Callas, Maria,</subfield>
      <subfield code="d">1923-1977.</subfield>
    </datafield>
    <datafield tag="700" ind1="1" ind2=" ">
      <subfield code="a">Rescigno, Nicola.</subfield>
    </datafield>
    <datafield tag="710" ind1="2" ind2=" ">
      <subfield code="a">Socie&#x301;te&#x301; des concerts du Conservatoire.</subfield>
      <subfield code="b">Orchestre.</subfield>
    </datafield>
    <datafield tag="710" ind1="2" ind2=" ">
      <subfield code="a">Ope&#x301;ra de Paris.</subfield>
      <subfield code="b">Orchestre.</subfield>
    </datafield>
    <datafield tag="985" ind1=" " ind2=" ">
      <subfield code="c">OCLC</subfield>
      <subfield code="e">Claimed Recordings</subfield>
    </datafield>
  </record>
</marcxml>
